
<!DOCTYPE html>
<html lang="cs">
	<head>

		<meta charset="utf-8">
        <meta http-equiv="X-UA-Compatible" content="IE=edge">
		<meta itemprop="name" content="Kupi.cz">
		<title>pivo akční zboží a slevy v obchodech | Kupi.cz</title>
		<meta name="description" content="Vyhledáváte slevy na pivo v nákupním rádci Kupi.cz. Kupi.cz vám přináší slevy v obchodech, slevy potravin a drogerie a hodnocení zboží. Nastavte si upozornění na nové slevy pivo.">
		<meta name="robots" content="all,follow">
        <meta name="viewport" content="width=device-width, initial-scale=1">

		<link href="https://www.kupi.cz" itemprop="url">

		<meta name="theme-color" content="#9725dd">
		<meta name="msapplication-navbutton-color" content="#9725dd">
		<meta name="apple-mobile-web-app-status-bar-style" content="#9725dd">

		<link rel="preload" as="script" href="https://login.kupi.cz/js/api/login.js">
		<link rel="preload" as="font" crossorigin="anonymous" href="https://www.kupi.cz/static/fonts/trivia/TriviaSeznam.woff2">
		<link rel="preload" as="font" crossorigin="anonymous" href="https://www.kupi.cz/static/fonts/trivia/TriviaSeznam-Bold.woff2">
		<link rel="preload" as="font" crossorigin="anonymous"  href="https://www.kupi.cz/static/icons/icomoon/fonts/icomoon.ttf?c5guxo">
		
		

		<link rel="preconnect" href="https://c.seznam.cz">
		<link rel="preconnect" href="https://login.szn.cz">
		<link rel="preconnect" href="https://go.eu.bbelements.com">

		<!-- App mac osx -->
		<meta name="apple-itunes-app" content="app-id=1230343927, affiliate-data=myAffiliateData, app-argument=/">

		
			    <meta property="og:image" content="https://img.kupi.cz/img/logos/fb_kupi.png">
	    <link rel="previewimage" href="https://img.kupi.cz/img/logos/fb_kupi.png">
	    <link rel="image_src" href="https://img.kupi.cz/img/logos/fb_kupi.png">
	    
	    <link rel="apple-touch-icon" href="https://img.kupi.cz/img/logos/favicon_apple_57x57.png"> 	    <link rel="apple-touch-icon" sizes="72x72" href="https://img.kupi.cz/img/logos/favicon_apple_72x72.png" alt="Ipad icon">
	    <link rel="apple-touch-icon" sizes="114x114" href="https://img.kupi.cz/img/logos/favicon_apple_114x114.png" alt="Iphone, Ipad icon">
	    <link rel="apple-touch-icon" sizes="200x200" href="https://img.kupi.cz/img/logos/kupi_ico_200x200.png" alt="Iphone, Ipad icon">

						<meta name="appleid-signin-client-id" content="cz.kupi.app">
		<meta name="appleid-signin-scope" content="email name">
		<meta name="appleid-signin-redirect-uri" content="https://www.kupi.cz">
		<meta name="appleid-signin-state" content="f5f8e9845afc47c81fbe6731330eb1b7696f2282962217460305797e7ab3a906958557870823641a481456de06da3ed0e36d86354a0de6fd751111bd24524e6b">
		<meta name="appleid-signin-use-popup" content="true">
		
	    <link rel="shortcut icon" href="/favicon.ico?v=2">

					<link rel="stylesheet" href="/static/style_new.css?v=a28adeac2441ff9a0836980799ff2d9f">
				<link rel="stylesheet" href="/static/icons/icomoon/style.css?v=49f2baa591ec75bc6906d7fa0651d331" media="print" onload="this.media='all'">

		<link rel="manifest" href="/manifest.json">

        <!--[if lt IE 10]>
		<link rel="stylesheet" href="/static/modern.ie.css?v=be61ca2242ca3fce437e3e67cb16b94e">
        <![endif]-->

        <!--[if lt IE 9]>
		<link rel="stylesheet" href="/static/style.ie.css?v=8d5a2046802c01b78bcb450401efc585">
        <![endif]-->

		
		
		    <!-- CMP Transparency and Consent Framework (IAB TCF) -->
    <script>
        window['gtag_enable_tcf_support'] = true;
    </script>
    <!-- Google Tag Manager -->
    <script>(function(w,d,s,l,i){w[l]=w[l]||[];w[l].push({'gtm.start':
                new Date().getTime(),event:'gtm.js'});var f=d.getElementsByTagName(s)[0],
            j=d.createElement(s),dl=l!='dataLayer'?'&l='+l:'';j.async=true;j.src=
            'https://www.googletagmanager.com/gtm.js?id='+i+dl;f.parentNode.insertBefore(j,f);
        })(window,document,'script','dataLayer','GTM-N53LJ4C');</script>
    <!-- End Google Tag Manager -->
		



<!-- Global site tag (gtag.js) - Google Analytics -->
<script async src="https://www.googletagmanager.com/gtag/js?id=UA-34485919-1"></script>
<script>

    window.dataLayer = window.dataLayer || [];
    function gtag(){window.dataLayer.push(arguments);}
    gtag('js', new Date());

    gtag('consent', 'default', {
        'ad_storage' : 'denied',
        'analytics_storage' : 'denied',
        'functionality_storage' : 'denied',
        'personalization_storage' : 'denied',
        'security_storage' : 'denied',
        'wait_for_update': 500
    });

    gtag('set', {
        'allow_google_signals': false,
        'allow_ad_personalization_signals': false
    });

    gtag('config', 'UA-34485919-1', {
        'content_group5' : 'none',
        'user_id': ''
    });
</script>


<script type="text/javascript">

    
        gtag('set', 'dimension2', 'nepřihlášen');
    
    //gtag('event', 'pageview');

    function addTrackEvent(id, value, iter){
        if(typeof iter == "undefined") {

            gtag('event', value, {
                'event_category' : id,
                'event_label' : value,
            });
        }else if(iter == false) {

            gtag('event', value, {
                'event_category' : id,
                'event_label' : value,
                'nonInteraction': 1
            });
        }
    }


    function addTrackEventTag(id, value, tag, iter){
        if(typeof iter == "undefined") {

            gtag('event', value, {
                'event_category' : id,
                'event_label' : tag,
            });
        } else if(iter == false) {

            gtag('event', value, {
                'event_category' : id,
                'event_label' : tag,
                'nonInteraction': 1
            });
        }
    }

    function addTrackEventTagPartners(id, value, tag, iter){
        addTrackEventTag(id, value, tag, iter);
    }

    function addTrackDiscountsEvent(value){
        addTrackResultsEvent('slevy', value);
    }

    function addTrackProductsEvent(value){
        addTrackResultsEvent('produkty', value);
    }

    function addTrackLeafletsEvent(value){
        addTrackResultsEvent('letaky', value);
    }

    function addTrackResultsEvent(id, value){
        addTrackEventTag('result count', id, '', value, false);
    }

</script>

	    <script src="//cdnjs.cloudflare.com/ajax/libs/jquery/3.5.1/jquery.min.js"></script>
		<script async src="//cdnjs.cloudflare.com/ajax/libs/jquery.colorbox/1.6.4/jquery.colorbox-min.js"></script>
		<script async src="//cdnjs.cloudflare.com/ajax/libs/malihu-custom-scrollbar-plugin/3.1.5/jquery.mCustomScrollbar.min.js"></script>
		<script src="//login.kupi.cz/js/api/login.js"></script>

		
        
        
		<script src="/static/global.js?v=4dc8fa32bdeab6fab3cf9579f07daa0f"></script>

		<script type="text/javascript" src="//login.kupi.cz/js/api/login.js"></script>

	    
		
		
			<script>
				$.ajaxSetup({
					headers: {
						'X-Kupi': '1'
					}
				});
			</script>
		

		
		
		<script async src="//h.seznam.cz/js/dot-small.js"></script>
		<script>
			DOTConfig = {
				service: 'kupicz',
				rus: '',
				rusId: '',
				said: null			};

			var ab = getCookieKupi("abVariant");
			if(ab && ab !== "exclude"){
				var _abVariant = ab;
			}

		</script>

   		   				<script type="text/javascript">
		var pp_gemius_identifier = '0iTq9ibFowq49pJ4p5uMx2XjfQWZ3_9qqRNQmzr4MtL.o7';
		var pp_gemius_extraparameters = ['gA=kupi.cz/Ostatni'];
	</script>
   			<script>
    <!--//--><![CDATA[//><!--
    var pp_gemius_use_cmp = true;
    var intiGemius = function(e){
        function gemius_pending(i) { window[i] = window[i] || function() {var x =
            window[i+'_pdata'] = window[i+'_pdata'] ||
                [];x[x.length]=arguments;};};gemius_pending('gemius_hit'); gemius_pending('gemius_event');
        gemius_pending('pp_gemius_hit'); gemius_pending('pp_gemius_event');(function(d,t) {try {var
            gt=d.createElement(t),s=d.getElementsByTagName(t)[0],l='http'+((location.protocol=='https:'
            )?'s':''); gt.setAttribute('async','async');gt.setAttribute('defer','defer');
            gt.src=l+'://gacz.hit.gemius.pl/xgemius.js'; s.parentNode.insertBefore(gt,s);} catch (e)
        {}})(document,'script');
        window.removeEventListener("kupi.cmp.load",intiGemius)
    }
    window.addEventListener("kupi.cmp.load",intiGemius)
    //--><!]]>
</script>
   		
					<script async src="https://ssp.seznam.cz/static/js/ssp.js" type="text/javascript"></script>
<script>
    var advSection = '';
    var advFlag = '';
    var adBlockOn = false;
</script>        	</head>

	<body  class=" no_login" >

		
			<!-- Google Tag Manager (noscript) -->
			<noscript><iframe src="https://www.googletagmanager.com/ns.html?id=GTM-N53LJ4C" height="0" width="0" style="display:none;visibility:hidden"></iframe></noscript>
			<!-- End Google Tag Manager (noscript) -->
		

	    
				<div aria-hidden="true" class="top_background">
							    <div class="ssp_top" data-sssp="ssp_top" data-device="desktop"></div>
						<div class="content_shadow"></div>
		</div>
		
		<div class="page_wrapper  top_bg_content ">

			            	<div id="head_fixed_start" class="start_header_scroll"></div>
<div class="header_placeholder"></div>

<div id="head_wrapper" class="header_wrapper">


    <div class="header flex" role="banner" aria-labelledby="hlavicka">

        <button class="htgl" title="Zobrazit menu"><svg viewBox="0 0 24 24" xmlns="http://www.w3.org/2000/svg"><path d="M3 18h18v-2H3v2zm0-5h18v-2H3v2zm0-7v2h18V6H3z"></path></svg></button>

        <h5 id="hlavicka" aria-level="1" class="blind">Hlavička</h5>

        <a href="/" class="logo" title="Kupi.cz - letáky, akce"><span class="blind">Kupi.cz - letáky, akce</span></a>

        <div class="header_menu_wrap flex-grow text-center">

            <div class="header_menu">
    <a href="/" title="Akční letáky" class="first" >Letáky</a>
    <a href="/slevy" title="Slevy" class="">Akce</a>
    <a href="https://www.kupi.cz/magazin/" title="Kupi Magazín" class="last">Magazín</a>
</div>
            <div class="header_search" role="search" aria-labelledby="label-hledat"><h5 id="label-hledat" class="blind">Hledat:</h5>

                <div class="header_form_content">
                    <div class="wide left">
                        <form method="GET" action="https://www.kupi.cz/hledej" id="search_form">

                            <label class="search_label" for="search_text"><span id="search_text_label" class="blind">Hledej na Kupi.cz</span>

                                <input type="text" id="search_text" aria-labelledby="search_text_label" class="input_with_close empty_input_helper" data-for="empty_top_search_whisper" name="f" autocomplete="off" placeholder="Co hledáte? Persil, pivo, leták…" value="">

                                <a href="#" id="search_clear_input" aria-labelledby="search_disable_label" role="button" class="hdn ico_close2"></a>

                                <span id="search_disable_label" class="blind">Vymazat zadaný dotaz hledání</span>

                            </label>

                            <button type="submit" id="search_submit" aria-labelledby="label_vyhledat"></button><label for="search_submit" id="label_vyhledat" class="blind">Vyhledat</label>
                        </form>
                    </div>
                </div>

                <div class="header_search_close right">
                    <button id="close_header_search" class="btn btn_default">Zavřít</button>
                </div>

                <div id="empty_top_search_whisper" class="dropdown_menu opened_popup">
                    <div id="empty_search_categories">
                        <div class="whisper_categories search_headline clear_top">Doporučené kategorie</div>
                                                    <a href="/slevy/alkohol" class="suggest_item suggest_categories">Alkohol</a>
                                                    <a href="/slevy/auto-moto" class="suggest_item suggest_categories">Auto - moto</a>
                                                    <a href="/slevy/domacnost" class="suggest_item suggest_categories">Bydlení</a>
                                                    <a href="/slevy/drogerie" class="suggest_item suggest_categories">Drogerie</a>
                                                    <a href="/slevy/elektro" class="suggest_item suggest_categories">Elektro</a>
                                                    <a href="/slevy/hracky-2" class="suggest_item suggest_categories">Hračky</a>
                                                    <a href="/slevy/kancelarske-potreby-a-knihy-2" class="suggest_item suggest_categories">Kancelářské potřeby a knihy</a>
                                                    <a href="/slevy/konzervy" class="suggest_item suggest_categories">Konzervy</a>
                                                    <a href="/slevy/krasa" class="suggest_item suggest_categories">Krása</a>
                                                    <a href="/slevy/lahudky" class="suggest_item suggest_categories">Lahůdky</a>
                                                    <a href="/slevy/lekarna" class="suggest_item suggest_categories">Lékárna</a>
                                                    <a href="/slevy/maso-drubez-a-ryby" class="suggest_item suggest_categories">Maso, uzeniny a ryby</a>
                                                    <a href="/slevy/mazlicci" class="suggest_item suggest_categories">Mazlíčci</a>
                                                    <a href="/slevy/mlecne-vyrobky-a-vejce" class="suggest_item suggest_categories">Mléčné výrobky a vejce</a>
                                                    <a href="/slevy/mrazene-a-instantni-potraviny" class="suggest_item suggest_categories">Mražené a instantní potraviny</a>
                                                    <a href="/slevy/nabytek-2" class="suggest_item suggest_categories">Nábytek</a>
                                                    <a href="/slevy/nealko-napoje" class="suggest_item suggest_categories">Nealko nápoje</a>
                                                    <a href="/slevy/obleceni-a-obuv" class="suggest_item suggest_categories">Oblečení a obuv</a>
                                                    <a href="/slevy/ovoce-a-zelenina" class="suggest_item suggest_categories">Ovoce a zelenina</a>
                                                    <a href="/slevy/pecivo" class="suggest_item suggest_categories">Pečivo</a>
                                                    <a href="/slevy/pro-deti" class="suggest_item suggest_categories">Pro děti</a>
                                                    <a href="/slevy/sladkosti-a-slane-snacky" class="suggest_item suggest_categories">Sladkosti a slané snacky</a>
                                                    <a href="/slevy/sport-2" class="suggest_item suggest_categories">Sport</a>
                                                    <a href="/slevy/vareni-a-peceni" class="suggest_item suggest_categories">Vaření a pečení</a>
                                                    <a href="/slevy/bydleni-a-zahrada" class="suggest_item suggest_categories">Zahrada</a>
                                                    <a href="/slevy/zdrava-vyziva" class="suggest_item suggest_categories">Zdravá výživa</a>
                                            </div>
                </div>

                <div class="dropdown_menu search_results opened_popup">
                    <div class="around_search"></div>
                </div>

                <button title="Zobrazit vyhledávání" class="btn_open_mobile_whisperer"></button>

            </div>
        </div>

            <div id="header_badge"></div>
    <a id="header_login" data-action="click" data-fn="rusInit" class="" href="#">Přihlásit</a>
    <script>
        //----------------------
        // Init SZN Login Badge
        //----------------------
        window.addEventListener('load', function() {
            if (window.hasOwnProperty('login') && window.login.hasOwnProperty('badge')) {

                login.cfg({ serviceId: "kupi" });

                var badgeEl = document.querySelector("#header_badge");

                if (badgeEl && 'id' in badgeEl) {

                    var node = login.badge.build();
                    var headerLogin = $('#header_login');

                    if (headerLogin.length) {
                        headerLogin.hide();
                    }

                    badgeEl.appendChild(node);

                    $(badgeEl).css({
                        'display': 'block'
                    });
                }
            }
        });

        $(document).on('click', '#header_login', function () {
            addTrackEventTag('login', 'login', window.location.pathname, false);
        });
    </script>

        <div class="header_links">
            <a href="https://www.seznam.cz" title="Seznam.cz" class="link_seznam">Seznam.cz</a>
        </div>
    </div>
</div>
<div id="mobile_menu" class="closed hidden_hard">

    <div class="header_menu">
    <a href="/" title="Akční letáky" class="first" >Letáky</a>
    <a href="/slevy" title="Slevy" class="">Akce</a>
    <a href="https://www.kupi.cz/magazin/" title="Kupi Magazín" class="last">Magazín</a>
</div>
    <ul id="mobile_cats">

                                    <li>
                    <a href="/slevy/alkohol" title="Alkohol">Alkohol</a>
                </li>
                            <li>
                    <a href="/slevy/auto-moto" title="Auto - moto">Auto - moto</a>
                </li>
                            <li>
                    <a href="/slevy/domacnost" title="Bydlení">Bydlení</a>
                </li>
                            <li>
                    <a href="/slevy/drogerie" title="Drogerie">Drogerie</a>
                </li>
                            <li>
                    <a href="/slevy/elektro" title="Elektro">Elektro</a>
                </li>
                            <li>
                    <a href="/slevy/hracky-2" title="Hračky">Hračky</a>
                </li>
                            <li>
                    <a href="/slevy/kancelarske-potreby-a-knihy-2" title="Kancelářské potřeby a knihy">Kancelářské potřeby a knihy</a>
                </li>
                            <li>
                    <a href="/slevy/konzervy" title="Konzervy">Konzervy</a>
                </li>
                            <li>
                    <a href="/slevy/krasa" title="Krása">Krása</a>
                </li>
                            <li>
                    <a href="/slevy/lahudky" title="Lahůdky">Lahůdky</a>
                </li>
                            <li>
                    <a href="/slevy/lekarna" title="Lékárna">Lékárna</a>
                </li>
                            <li>
                    <a href="/slevy/maso-drubez-a-ryby" title="Maso, uzeniny a ryby">Maso, uzeniny a ryby</a>
                </li>
                            <li>
                    <a href="/slevy/mazlicci" title="Mazlíčci">Mazlíčci</a>
                </li>
                            <li>
                    <a href="/slevy/mlecne-vyrobky-a-vejce" title="Mléčné výrobky a vejce">Mléčné výrobky a vejce</a>
                </li>
                            <li>
                    <a href="/slevy/mrazene-a-instantni-potraviny" title="Mražené a instantní potraviny">Mražené a instantní potraviny</a>
                </li>
                            <li>
                    <a href="/slevy/nabytek-2" title="Nábytek">Nábytek</a>
                </li>
                            <li>
                    <a href="/slevy/nealko-napoje" title="Nealko nápoje">Nealko nápoje</a>
                </li>
                            <li>
                    <a href="/slevy/obleceni-a-obuv" title="Oblečení a obuv">Oblečení a obuv</a>
                </li>
                            <li>
                    <a href="/slevy/ovoce-a-zelenina" title="Ovoce a zelenina">Ovoce a zelenina</a>
                </li>
                            <li>
                    <a href="/slevy/pecivo" title="Pečivo">Pečivo</a>
                </li>
                            <li>
                    <a href="/slevy/pro-deti" title="Pro děti">Pro děti</a>
                </li>
                            <li>
                    <a href="/slevy/sladkosti-a-slane-snacky" title="Sladkosti a slané snacky">Sladkosti a slané snacky</a>
                </li>
                            <li>
                    <a href="/slevy/sport-2" title="Sport">Sport</a>
                </li>
                            <li>
                    <a href="/slevy/vareni-a-peceni" title="Vaření a pečení">Vaření a pečení</a>
                </li>
                            <li>
                    <a href="/slevy/bydleni-a-zahrada" title="Zahrada">Zahrada</a>
                </li>
                            <li>
                    <a href="/slevy/zdrava-vyziva" title="Zdravá výživa">Zdravá výživa</a>
                </li>
                    
    </ul>
</div>

            
						
						







				<div class="content_page relative">
										<span data-daysNumberThirty="1"></span>
<div class="relative with_right_content">
	<div class="wide left page_content_holder">


                    <h2 class="text-center">Výsledky hledání <strong>„pivo“</strong>                
    <span class="locality_near_headline">
        v lokalitě&nbsp;<a href="/lokalita" data-action="onClick" data-fn="userSetPosition" title="Změnit lokalitu" class="reverse_link">Česká, Brno-venkov</a>
    </span>
</h2>
            <div class="space_top default"></div>
        
        
                                                        <h3>Kategorie</h3>

                    <ul class="filter_items default_filter_items">
                                                    <li>
                                <a href="/akce/pivo#sgc=pivo" class="whisper_item">
                                                                        <div class="whisper_category_ico ico_alkohol"></div>
                                                                        <span>pivo</span>
                                </a>
                            </li>
                                            </ul>

                    <div class="clear"></div>
                    <div class="space_bottom"></div>
                                                                
        
                            <div id="plist_filter_bar">
                    <h3>Produkty </h3>
                    <a href="/hledej?f=pivo&vse=1" class="plf plf_all ">všechny</a>
                    <a href="/hledej?f=pivo&vse=0" class="plf plf_dis active">v akci</a>
                </div>
            
            <div id="product_append">
                        


        
        
        
    <div class="page_loader normal_box" data-type="prev"></div>
    <div class="text-center space_top default">
        <a href="/hledej?page=6&f=pivo&f=pivo&vse=0" class="btn btn_colored big load_discounts" data-vse="0" data-type="prev" data-lp="4" data-find="pivo" data-url="/get-akce">Načíst předcházející zboží</a>
        <div class="space_top default discount_prev_button_space"></div>
    </div>

    <script>
        if($('.group_discounts[data-page=4]').length) {
            $('.load_discounts[data-lp=4]').parent().remove();
        }
    </script>

            


    
        <div class="group_discounts active" data-page="5">
            <div class="absolute product_target" id="4608" style="top: -80px;"></div>

            <div class="product_image">
                <a href="/sleva/pivo-svetle-vycepni-10-bohemia-regent" title="Pivo světlé výčepní 10° Bohemia Regent" aria-hidden="true" tabindex="-1" class="open_detail" class="product_link_history" data-product-id="4608" data-product="pivo-svetle-vycepni-10-bohemia-regent">
                    <img src="/img/no_img/no_discounts.png"
                         data-src="https://img.kupi.cz/kupi/thumbs/pivo-svetle-vycepni-10-bohemia-regent_box_120_140.jpg"
                         alt="Pivo světlé výčepní 10° Bohemia Regent">
                </a>
                <span class="label-supplement">ilustrační obrázek</span>
            </div>

            <div class="relative product_discounts">
                <div class="wide left">
                    <div class="relative product_name_around" style="margin-right: 32px;">
                        <div data-product="4608" class="log_product product_name wide">
                            <h2>
                                <a title="Pivo světlé výčepní 10° Bohemia Regent" aria-label="Pivo světlé výčepní 10° Bohemia Regent v akci za 9,90 Kč" href="/sleva/pivo-svetle-vycepni-10-bohemia-regent" class="product_link_history" data-product="pivo-svetle-vycepni-10-bohemia-regent">
                                    <strong>Pivo světlé výčepní 10° Bohemia Regent</strong>
                                </a>

                                <span class="nowrap">
                                                                                                                                                                        <span>0.5 l</span>
                                                                                                                        
                                                                    </span>
                            </h2>

                            <div class="product_my_leaflet">
                                


    
                                
        
        <div class="save_item_content nologin_save_item  "
             data-idf="product_discounts_4608">
			<span class="link_content">
                
    <span class="spinner-absolute spinner-btn no_content hdn"><span class="js-loader"></span></span>

                <a data-rustmp="1" data-action="click" data-fn="rusInit" href="#"
                   aria-label="Přidat produkt do oblíbených - nutné přihlášení uživatele" style="line-height: 0;"
                   class="toggle_saved_item btn btn_default top_link link_heart " data-idf="product_discounts_4608" data-type="product"
                   data-item="4608"><span>Přidat produkt do oblíbených</span></a>
			</span>
                            <span class="saved_item_text">
                                                            Zapněte si oblíbené a upozorníme vás na novou akci
                                    		    </span>
                    </div>
                                </div>

                                                                                        <div id="price_4608" class="avg_price">Běžná cena: <span>10,90</span>&nbsp;Kč</div>
                            
                        </div>
                    </div>
                </div>
            </div>

            <div class="clear"></div>
                                    
    
<div class="relative product_discounts product_discounts_overview" id="product_4608">
    <table class="wide discounts_table">

                            
                        
                                        
            <tr data-product="4608" data-discount="5109877" class="log_discount discount_row only_discount" data-key="0.5-l" id="discount_5109877">
                <td width="60" class="text-left discounts_shop_image">
                                            <a href="/letaky/flop" class="product_link_history" data-product="pivo-svetle-vycepni-10-bohemia-regent" title="FLOP leták">
                            <img src="https://img.kupi.cz/kupi/thumbs/loga_shopy/type-flop_80.png" alt="FLOP leták" width="50">
                        </a>
                                    </td>

                <td class="discounts_shop_info">
                    <span class="discounts_shop_name">
                        <a href="/letaky/flop" class="product_link_history" data-product="pivo-svetle-vycepni-10-bohemia-regent" title="FLOP">
                            <span>
                                                                    FLOP                                                            </span>
                        </a>

                                                                    </span>

                    
                                            <div class="discounts_markets">
                                                            <a href="/obchod/flop/flop-kurim" title="FLOP" data-shop="FLOP" class="product_link_history" data-product="pivo-svetle-vycepni-10-bohemia-regent">platí pro 7 nejbližších poboček</a>
                                                    </div>
                                    </td>

                <td class="text-left discounts_price">
                    <span class="discount_price_label">cena</span>
                    <div class="left">
                        <strong class="discount_price_value">9,90&nbsp;Kč</strong>
                    </div>

                                            <div class="discount_amount left">
                            &nbsp;/&nbsp;0.5 l                        </div>
                    
                    
                    <div class="clear"></div>

                    <span style="font-size: 12px;">
                                                                                                19,80&nbsp;Kč&nbsp;/&nbsp;1&nbsp;l                                                                                    </span>

                    
                                            <div class="discount_note">
                            +3 Kč záloha na láhev                        </div>
                                    </td>

                <td class="text-left discounts_validity valid_discount">
                                                                        dnes končí
                                                            </td>

                <td class="discounts_list_add">

                                            <div class="add_list_wrap">
                        


    
                                
        
        <div class="save_item_content nologin_save_item icon_only "
             data-idf="product_discounts_4608">
			<span class="link_content">
                
    <span class="spinner-absolute spinner-btn no_content hdn"><span class="js-loader"></span></span>

                <a data-rustmp="1" data-action="click" data-fn="rusInit" href="#"
                   aria-label="Přidat produkt do oblíbených - nutné přihlášení uživatele" style="line-height: 0;"
                   class="toggle_saved_item btn btn_default top_link link_heart " data-idf="product_discounts_4608" data-type="product"
                   data-item="4608"><span>Přidat produkt do oblíbených</span></a>
			</span>
                    </div>
                            </div>
                    
                                            <a data-product-id="4608" href="#5109877" role="button" aria-label="Přidat Pivo světlé výčepní 10° Bohemia Regent do nákupního seznamu" data-shop="235" data-price="9.9" data-product="Pivo světlé výčepní 10° Bohemia Regent" class="btn btn_colored btn_list_add no_login">Přidat</a>
                                    </td>
            </tr>
                        </table>
    
    <div class="discounts_show_all_shops only_discount" data-product="4608" style="display: none;">
        <a role="button" href="#4608" class="purple_link discount_all_shops only_discount">Další obchody (<span>-3</span>)</a>
    </div>
</div>

    <div class="product_price_from">
        od <strong>9,90&nbsp;Kč</strong>
    </div>
                            <div class="clear"></div>
        </div>

        
        
        
    

    
        <div class="group_discounts active" data-page="5">
            <div class="absolute product_target" id="50731" style="top: -80px;"></div>

            <div class="product_image">
                <a href="/sleva/pivo-svetle-vycepni-10-haskuv-rebel-c-k-pivovar-havlickuv-brod" title="Pivo světlé výčepní 10° Haškův Rebel C.K. Pivovar Havlíčkův Brod" aria-hidden="true" tabindex="-1" class="open_detail" class="product_link_history" data-product-id="50731" data-product="pivo-svetle-vycepni-10-haskuv-rebel-c-k-pivovar-havlickuv-brod">
                    <img src="/img/no_img/no_discounts.png"
                         data-src="https://img.kupi.cz/kupi/thumbs/pivo-svetle-vycepni-10-haskuv-c-k-rebel_box_120_140.jpg"
                         alt="Pivo světlé výčepní 10° Haškův Rebel C.K. Pivovar Havlíčkův Brod">
                </a>
                <span class="label-supplement">ilustrační obrázek</span>
            </div>

            <div class="relative product_discounts">
                <div class="wide left">
                    <div class="relative product_name_around" style="margin-right: 32px;">
                        <div data-product="50731" class="log_product product_name wide">
                            <h2>
                                <a title="Pivo světlé výčepní 10° Haškův Rebel C.K. Pivovar Havlíčkův Brod" aria-label="Pivo světlé výčepní 10° Haškův Rebel C.K. Pivovar Havlíčkův Brod v akci za 6,50 Kč" href="/sleva/pivo-svetle-vycepni-10-haskuv-rebel-c-k-pivovar-havlickuv-brod" class="product_link_history" data-product="pivo-svetle-vycepni-10-haskuv-rebel-c-k-pivovar-havlickuv-brod">
                                    <strong>Pivo světlé výčepní 10° Haškův Rebel C.K. Pivovar Havlíčkův Brod</strong>
                                </a>

                                <span class="nowrap">
                                                                                                                                                                        <span>0.5 l</span>
                                                                                                                        
                                                                    </span>
                            </h2>

                            <div class="product_my_leaflet">
                                


    
                                
        
        <div class="save_item_content nologin_save_item  "
             data-idf="product_discounts_50731">
			<span class="link_content">
                
    <span class="spinner-absolute spinner-btn no_content hdn"><span class="js-loader"></span></span>

                <a data-rustmp="1" data-action="click" data-fn="rusInit" href="#"
                   aria-label="Přidat produkt do oblíbených - nutné přihlášení uživatele" style="line-height: 0;"
                   class="toggle_saved_item btn btn_default top_link link_heart " data-idf="product_discounts_50731" data-type="product"
                   data-item="50731"><span>Přidat produkt do oblíbených</span></a>
			</span>
                            <span class="saved_item_text">
                                                            Zapněte si oblíbené a upozorníme vás na novou akci
                                    		    </span>
                    </div>
                                </div>

                                                                                        <div id="price_50731" class="avg_price">Běžná cena: <span>9,90</span>&nbsp;Kč</div>
                            
                        </div>
                    </div>
                </div>
            </div>

            <div class="clear"></div>
                                    
    
<div class="relative product_discounts product_discounts_overview" id="product_50731">
    <table class="wide discounts_table">

                            
                        
                                        
            <tr data-product="50731" data-discount="5143439" class="log_discount discount_row only_discount" data-key="0.5-l" id="discount_5143439">
                <td width="60" class="text-left discounts_shop_image">
                                            <a href="/letaky/globus" class="product_link_history" data-product="pivo-svetle-vycepni-10-haskuv-rebel-c-k-pivovar-havlickuv-brod" title="Globus leták">
                            <img src="https://img.kupi.cz/kupi/thumbs/loga_shopy/globus_80.png" alt="Globus leták" width="50">
                        </a>
                                    </td>

                <td class="discounts_shop_info">
                    <span class="discounts_shop_name">
                        <a href="/letaky/globus" class="product_link_history" data-product="pivo-svetle-vycepni-10-haskuv-rebel-c-k-pivovar-havlickuv-brod" title="Globus">
                            <span>
                                                                    Globus
                                                                                                                                                                            </span>
                        </a>

                                                                    </span>

                    
                                            <div class="discounts_markets">
                                                            <a href="/obchod/globus/globus-brno-ivanovice" title="Globus" data-shop="Globus" class="product_link_history" data-product="pivo-svetle-vycepni-10-haskuv-rebel-c-k-pivovar-havlickuv-brod">platí pro 1 nejbližší pobočku</a>
                                                    </div>
                                    </td>

                <td class="text-left discounts_price">
                    <span class="discount_price_label">cena</span>
                    <div class="left">
                        <strong class="discount_price_value">6,50&nbsp;Kč</strong>
                    </div>

                                            <div class="discount_amount left">
                            &nbsp;/&nbsp;0.5 l                        </div>
                    
                                            <div class="discount_percentage">&ndash;34&nbsp;%</div>
                    
                    <div class="clear"></div>

                    <span style="font-size: 12px;">
                                                                                                13,00&nbsp;Kč&nbsp;/&nbsp;1&nbsp;l                                                                                    </span>

                    
                                            <div class="discount_note">
                            +3 Kč záloha na láhev                        </div>
                                    </td>

                <td class="text-left discounts_validity valid_discount">
                                                                        platí do středy <span style="white-space: nowrap;">21. 9. </span>
                                                            </td>

                <td class="discounts_list_add">

                                            <div class="add_list_wrap">
                        


    
                                
        
        <div class="save_item_content nologin_save_item icon_only "
             data-idf="product_discounts_50731">
			<span class="link_content">
                
    <span class="spinner-absolute spinner-btn no_content hdn"><span class="js-loader"></span></span>

                <a data-rustmp="1" data-action="click" data-fn="rusInit" href="#"
                   aria-label="Přidat produkt do oblíbených - nutné přihlášení uživatele" style="line-height: 0;"
                   class="toggle_saved_item btn btn_default top_link link_heart " data-idf="product_discounts_50731" data-type="product"
                   data-item="50731"><span>Přidat produkt do oblíbených</span></a>
			</span>
                    </div>
                            </div>
                    
                                            <a data-product-id="50731" href="#5143439" role="button" aria-label="Přidat Pivo světlé výčepní 10° Haškův Rebel C.K. Pivovar Havlíčkův Brod do nákupního seznamu" data-shop="27" data-price="6.5" data-product="Pivo světlé výčepní 10° Haškův Rebel C.K. Pivovar Havlíčkův Brod" class="btn btn_colored btn_list_add no_login">Přidat</a>
                                    </td>
            </tr>
                        </table>
    
    <div class="discounts_show_all_shops only_discount" data-product="50731" style="display: none;">
        <a role="button" href="#50731" class="purple_link discount_all_shops only_discount">Další obchody (<span>-3</span>)</a>
    </div>
</div>

    <div class="product_price_from">
        od <strong>6,50&nbsp;Kč</strong>
    </div>
                            <div class="clear"></div>
        </div>

        
        
            
                <div class="position_wrap">
                                            <div class="ssp_middle" data-sssp="ssp_middle" data-device="desktop"></div>
            

                </div>

            
        
        
    

    
        <div class="group_discounts active" data-page="5">
            <div class="absolute product_target" id="227844" style="top: -80px;"></div>

            <div class="product_image">
                <a href="/sleva/pivo-svetle-psenicne-kvasnicove-hefe-weissbier-paulaner" title="Pivo světlé pšeničné kvasnicové Hefe-Weissbier Paulaner" aria-hidden="true" tabindex="-1" class="open_detail" class="product_link_history" data-product-id="227844" data-product="pivo-svetle-psenicne-kvasnicove-hefe-weissbier-paulaner">
                    <img src="/img/no_img/no_discounts.png"
                         data-src="https://img.kupi.cz/kupi/thumbs/pivo-svetle-psenicne-kvasnicove-hefe-weissbier-paulaner_box_120_140.jpg"
                         alt="Pivo světlé pšeničné kvasnicové Hefe-Weissbier Paulaner">
                </a>
                <span class="label-supplement">ilustrační obrázek</span>
            </div>

            <div class="relative product_discounts">
                <div class="wide left">
                    <div class="relative product_name_around" style="margin-right: 32px;">
                        <div data-product="227844" class="log_product product_name wide">
                            <h2>
                                <a title="Pivo světlé pšeničné kvasnicové Hefe-Weissbier Paulaner" aria-label="Pivo světlé pšeničné kvasnicové Hefe-Weissbier Paulaner v akci za 29,90 Kč" href="/sleva/pivo-svetle-psenicne-kvasnicove-hefe-weissbier-paulaner" class="product_link_history" data-product="pivo-svetle-psenicne-kvasnicove-hefe-weissbier-paulaner">
                                    <strong>Pivo světlé pšeničné kvasnicové Hefe-Weissbier Paulaner</strong>
                                </a>

                                <span class="nowrap">
                                                                                                                                                                        <span>0.5 l</span>
                                                                                                                        
                                                                    </span>
                            </h2>

                            <div class="product_my_leaflet">
                                


    
                                
        
        <div class="save_item_content nologin_save_item  "
             data-idf="product_discounts_227844">
			<span class="link_content">
                
    <span class="spinner-absolute spinner-btn no_content hdn"><span class="js-loader"></span></span>

                <a data-rustmp="1" data-action="click" data-fn="rusInit" href="#"
                   aria-label="Přidat produkt do oblíbených - nutné přihlášení uživatele" style="line-height: 0;"
                   class="toggle_saved_item btn btn_default top_link link_heart " data-idf="product_discounts_227844" data-type="product"
                   data-item="227844"><span>Přidat produkt do oblíbených</span></a>
			</span>
                            <span class="saved_item_text">
                                                            Zapněte si oblíbené a upozorníme vás na novou akci
                                    		    </span>
                    </div>
                                </div>

                                                                                        <div id="price_227844" class="avg_price">Běžná cena: <span>39,90</span>&nbsp;Kč</div>
                            
                        </div>
                    </div>
                </div>
            </div>

            <div class="clear"></div>
                                    
    
<div class="relative product_discounts product_discounts_overview" id="product_227844">
    <table class="wide discounts_table">

                            
                        
                                        
            <tr data-product="227844" data-discount="5138621" class="log_discount discount_row only_discount" data-key="0.5-l" id="discount_5138621">
                <td width="60" class="text-left discounts_shop_image">
                                            <a href="/letaky/kaufland" class="product_link_history" data-product="pivo-svetle-psenicne-kvasnicove-hefe-weissbier-paulaner" title="Kaufland leták">
                            <img src="https://img.kupi.cz/kupi/thumbs/loga_shopy/kaufland-2_80.png" alt="Kaufland leták" width="50">
                        </a>
                                    </td>

                <td class="discounts_shop_info">
                    <span class="discounts_shop_name">
                        <a href="/letaky/kaufland" class="product_link_history" data-product="pivo-svetle-psenicne-kvasnicove-hefe-weissbier-paulaner" title="Kaufland">
                            <span>
                                                                    Kaufland
                                                                                                                                                                            </span>
                        </a>

                                                                    </span>

                    
                                            <div class="discounts_markets">
                                                            <a href="/obchod/kaufland/kaufland-kurim-blanenska" title="Kaufland" data-shop="Kaufland" class="product_link_history" data-product="pivo-svetle-psenicne-kvasnicove-hefe-weissbier-paulaner">platí pro 8 nejbližších poboček</a>
                                                    </div>
                                    </td>

                <td class="text-left discounts_price">
                    <span class="discount_price_label">cena</span>
                    <div class="left">
                        <strong class="discount_price_value">29,90&nbsp;Kč</strong>
                    </div>

                                            <div class="discount_amount left">
                            &nbsp;/&nbsp;0.5 l                        </div>
                    
                                            <div class="discount_percentage">&ndash;25&nbsp;%</div>
                    
                    <div class="clear"></div>

                    <span style="font-size: 12px;">
                                                                                                59,80&nbsp;Kč&nbsp;/&nbsp;1&nbsp;l                                                                                    </span>

                    
                                            <div class="discount_note">
                            plech                        </div>
                                    </td>

                <td class="text-left discounts_validity valid_discount">
                                                                        platí do úterý <span style="white-space: nowrap;">13. 9. </span>
                                                            </td>

                <td class="discounts_list_add">

                                            <div class="add_list_wrap">
                        


    
                                
        
        <div class="save_item_content nologin_save_item icon_only "
             data-idf="product_discounts_227844">
			<span class="link_content">
                
    <span class="spinner-absolute spinner-btn no_content hdn"><span class="js-loader"></span></span>

                <a data-rustmp="1" data-action="click" data-fn="rusInit" href="#"
                   aria-label="Přidat produkt do oblíbených - nutné přihlášení uživatele" style="line-height: 0;"
                   class="toggle_saved_item btn btn_default top_link link_heart " data-idf="product_discounts_227844" data-type="product"
                   data-item="227844"><span>Přidat produkt do oblíbených</span></a>
			</span>
                    </div>
                            </div>
                    
                                            <a data-product-id="227844" href="#5138621" role="button" aria-label="Přidat Pivo světlé pšeničné kvasnicové Hefe-Weissbier Paulaner do nákupního seznamu" data-shop="4" data-price="29.9" data-product="Pivo světlé pšeničné kvasnicové Hefe-Weissbier Paulaner" class="btn btn_colored btn_list_add no_login">Přidat</a>
                                    </td>
            </tr>
                        </table>
    
    <div class="discounts_show_all_shops only_discount" data-product="227844" style="display: none;">
        <a role="button" href="#227844" class="purple_link discount_all_shops only_discount">Další obchody (<span>-3</span>)</a>
    </div>
</div>

    <div class="product_price_from">
        od <strong>29,90&nbsp;Kč</strong>
    </div>
                            <div class="clear"></div>
        </div>

        
        
        
    

    
        <div class="group_discounts active" data-page="5">
            <div class="absolute product_target" id="185197" style="top: -80px;"></div>

            <div class="product_image">
                <a href="/sleva/pivo-svetle-specialni-psenicne-weisbier-erdinger" title="Pivo světlé speciální pšeničné Weisbier Erdinger" aria-hidden="true" tabindex="-1" class="open_detail" class="product_link_history" data-product-id="185197" data-product="pivo-svetle-specialni-psenicne-weisbier-erdinger">
                    <img src="/img/no_img/no_discounts.png"
                         data-src="https://img.kupi.cz/kupi/thumbs/pivo-svetle-psenicne-weisbier-erdinger_box_120_140.jpg"
                         alt="Pivo světlé speciální pšeničné Weisbier Erdinger">
                </a>
                <span class="label-supplement">ilustrační obrázek</span>
            </div>

            <div class="relative product_discounts">
                <div class="wide left">
                    <div class="relative product_name_around" style="margin-right: 32px;">
                        <div data-product="185197" class="log_product product_name wide">
                            <h2>
                                <a title="Pivo světlé speciální pšeničné Weisbier Erdinger" aria-label="Pivo světlé speciální pšeničné Weisbier Erdinger v akci za 29,90 Kč" href="/sleva/pivo-svetle-specialni-psenicne-weisbier-erdinger" class="product_link_history" data-product="pivo-svetle-specialni-psenicne-weisbier-erdinger">
                                    <strong>Pivo světlé speciální pšeničné Weisbier Erdinger</strong>
                                </a>

                                <span class="nowrap">
                                                                                                                                                                        <span>0.5 l</span>
                                                                                                                        
                                                                    </span>
                            </h2>

                            <div class="product_my_leaflet">
                                


    
                                
        
        <div class="save_item_content nologin_save_item  "
             data-idf="product_discounts_185197">
			<span class="link_content">
                
    <span class="spinner-absolute spinner-btn no_content hdn"><span class="js-loader"></span></span>

                <a data-rustmp="1" data-action="click" data-fn="rusInit" href="#"
                   aria-label="Přidat produkt do oblíbených - nutné přihlášení uživatele" style="line-height: 0;"
                   class="toggle_saved_item btn btn_default top_link link_heart " data-idf="product_discounts_185197" data-type="product"
                   data-item="185197"><span>Přidat produkt do oblíbených</span></a>
			</span>
                            <span class="saved_item_text">
                                                            Zapněte si oblíbené a upozorníme vás na novou akci
                                    		    </span>
                    </div>
                                </div>

                                                                                        <div id="price_185197" class="avg_price">Běžná cena: <span>39,90</span>&nbsp;Kč</div>
                            
                        </div>
                    </div>
                </div>
            </div>

            <div class="clear"></div>
                                    
    
<div class="relative product_discounts product_discounts_overview" id="product_185197">
    <table class="wide discounts_table">

                            
                        
                                        
            <tr data-product="185197" data-discount="5138651" class="log_discount discount_row only_discount" data-key="0.5-l" id="discount_5138651">
                <td width="60" class="text-left discounts_shop_image">
                                            <a href="/letaky/kaufland" class="product_link_history" data-product="pivo-svetle-specialni-psenicne-weisbier-erdinger" title="Kaufland leták">
                            <img src="https://img.kupi.cz/kupi/thumbs/loga_shopy/kaufland-2_80.png" alt="Kaufland leták" width="50">
                        </a>
                                    </td>

                <td class="discounts_shop_info">
                    <span class="discounts_shop_name">
                        <a href="/letaky/kaufland" class="product_link_history" data-product="pivo-svetle-specialni-psenicne-weisbier-erdinger" title="Kaufland">
                            <span>
                                                                    Kaufland
                                                                                                                                                                            </span>
                        </a>

                                                                    </span>

                    
                                            <div class="discounts_markets">
                                                            <a href="/obchod/kaufland/kaufland-kurim-blanenska" title="Kaufland" data-shop="Kaufland" class="product_link_history" data-product="pivo-svetle-specialni-psenicne-weisbier-erdinger">platí pro 8 nejbližších poboček</a>
                                                    </div>
                                    </td>

                <td class="text-left discounts_price">
                    <span class="discount_price_label">cena</span>
                    <div class="left">
                        <strong class="discount_price_value">29,90&nbsp;Kč</strong>
                    </div>

                                            <div class="discount_amount left">
                            &nbsp;/&nbsp;0.5 l                        </div>
                    
                                            <div class="discount_percentage">&ndash;25&nbsp;%</div>
                    
                    <div class="clear"></div>

                    <span style="font-size: 12px;">
                                                                                                59,80&nbsp;Kč&nbsp;/&nbsp;1&nbsp;l                                                                                    </span>

                    
                                            <div class="discount_note">
                            plech, max 48 ks/osoba/den                        </div>
                                    </td>

                <td class="text-left discounts_validity valid_discount">
                                                                        platí do úterý <span style="white-space: nowrap;">13. 9. </span>
                                                            </td>

                <td class="discounts_list_add">

                                            <div class="add_list_wrap">
                        


    
                                
        
        <div class="save_item_content nologin_save_item icon_only "
             data-idf="product_discounts_185197">
			<span class="link_content">
                
    <span class="spinner-absolute spinner-btn no_content hdn"><span class="js-loader"></span></span>

                <a data-rustmp="1" data-action="click" data-fn="rusInit" href="#"
                   aria-label="Přidat produkt do oblíbených - nutné přihlášení uživatele" style="line-height: 0;"
                   class="toggle_saved_item btn btn_default top_link link_heart " data-idf="product_discounts_185197" data-type="product"
                   data-item="185197"><span>Přidat produkt do oblíbených</span></a>
			</span>
                    </div>
                            </div>
                    
                                            <a data-product-id="185197" href="#5138651" role="button" aria-label="Přidat Pivo světlé speciální pšeničné Weisbier Erdinger do nákupního seznamu" data-shop="4" data-price="29.9" data-product="Pivo světlé speciální pšeničné Weisbier Erdinger" class="btn btn_colored btn_list_add no_login">Přidat</a>
                                    </td>
            </tr>
                    
            
            <tr data-product="185197" data-discount="5128694" class="log_discount discount_row only_discount" data-key="0.5-l" id="discount_5128694">
                <td width="60" class="text-left discounts_shop_image">
                                            <a href="/letaky/billa" class="product_link_history" data-product="pivo-svetle-specialni-psenicne-weisbier-erdinger" title="BILLA leták">
                            <img src="https://img.kupi.cz/kupi/thumbs/loga_shopy/billa_80.png" alt="BILLA leták" width="50">
                        </a>
                                    </td>

                <td class="discounts_shop_info">
                    <span class="discounts_shop_name">
                        <a href="/letaky/billa" class="product_link_history" data-product="pivo-svetle-specialni-psenicne-weisbier-erdinger" title="BILLA">
                            <span>
                                                                    BILLA
                                                                                                                                                                            </span>
                        </a>

                                                                    </span>

                    
                                            <div class="discounts_markets">
                                                            <a href="/obchod/billa/billa-brno-podperova" title="BILLA" data-shop="BILLA" class="product_link_history" data-product="pivo-svetle-specialni-psenicne-weisbier-erdinger">platí pro 14 nejbližších poboček</a>
                                                    </div>
                                    </td>

                <td class="text-left discounts_price">
                    <span class="discount_price_label">cena</span>
                    <div class="left">
                        <strong class="discount_price_value">39,90&nbsp;Kč</strong>
                    </div>

                                            <div class="discount_amount left">
                            &nbsp;/&nbsp;0.5 l                        </div>
                    
                    
                    <div class="clear"></div>

                    <span style="font-size: 12px;">
                                                                                                79,80&nbsp;Kč&nbsp;/&nbsp;1&nbsp;l                                                                                    </span>

                    
                                            <div class="discount_note">
                            plech                        </div>
                                    </td>

                <td class="text-left discounts_validity valid_discount">
                                                                        platí do neděle <span style="white-space: nowrap;">25. 9. </span>
                                                            </td>

                <td class="discounts_list_add">

                                            <div class="add_list_wrap">
                        


    
                                
        
        <div class="save_item_content nologin_save_item icon_only "
             data-idf="product_discounts_185197">
			<span class="link_content">
                
    <span class="spinner-absolute spinner-btn no_content hdn"><span class="js-loader"></span></span>

                <a data-rustmp="1" data-action="click" data-fn="rusInit" href="#"
                   aria-label="Přidat produkt do oblíbených - nutné přihlášení uživatele" style="line-height: 0;"
                   class="toggle_saved_item btn btn_default top_link link_heart " data-idf="product_discounts_185197" data-type="product"
                   data-item="185197"><span>Přidat produkt do oblíbených</span></a>
			</span>
                    </div>
                            </div>
                    
                                            <a data-product-id="185197" href="#5128694" role="button" aria-label="Přidat Pivo světlé speciální pšeničné Weisbier Erdinger do nákupního seznamu" data-shop="5" data-price="39.9" data-product="Pivo světlé speciální pšeničné Weisbier Erdinger" class="btn btn_colored btn_list_add no_login">Přidat</a>
                                    </td>
            </tr>
                        </table>
    
    <div class="discounts_show_all_shops only_discount" data-product="185197" style="display: none;">
        <a role="button" href="#185197" class="purple_link discount_all_shops only_discount">Další obchody (<span>-2</span>)</a>
    </div>
</div>

    <div class="product_price_from">
        od <strong>29,90&nbsp;Kč</strong>
    </div>
                            <div class="clear"></div>
        </div>

        
        
        
    

    
        <div class="group_discounts active" data-page="5">
            <div class="absolute product_target" id="164477" style="top: -80px;"></div>

            <div class="product_image">
                <a href="/sleva/pivo-mixpack-bakalar" title="Pivo Mixpack Bakalář" aria-hidden="true" tabindex="-1" class="open_detail" class="product_link_history" data-product-id="164477" data-product="pivo-mixpack-bakalar">
                    <img src="/img/no_img/no_discounts.png"
                         data-src="https://img.kupi.cz/kupi/thumbs/pivo-mixpack-bakalar_box_120_140.jpg"
                         alt="Pivo Mixpack Bakalář">
                </a>
                <span class="label-supplement">ilustrační obrázek</span>
            </div>

            <div class="relative product_discounts">
                <div class="wide left">
                    <div class="relative product_name_around" style="margin-right: 32px;">
                        <div data-product="164477" class="log_product product_name wide">
                            <h2>
                                <a title="Pivo Mixpack Bakalář" aria-label="Pivo Mixpack Bakalář v akci za 119,90 Kč" href="/sleva/pivo-mixpack-bakalar" class="product_link_history" data-product="pivo-mixpack-bakalar">
                                    <strong>Pivo Mixpack Bakalář</strong>
                                </a>

                                <span class="nowrap">
                                                                                                                                                                        <span>0.5 l</span>
                                                                                                                        
                                                                    </span>
                            </h2>

                            <div class="product_my_leaflet">
                                


    
                                
        
        <div class="save_item_content nologin_save_item  "
             data-idf="product_discounts_164477">
			<span class="link_content">
                
    <span class="spinner-absolute spinner-btn no_content hdn"><span class="js-loader"></span></span>

                <a data-rustmp="1" data-action="click" data-fn="rusInit" href="#"
                   aria-label="Přidat produkt do oblíbených - nutné přihlášení uživatele" style="line-height: 0;"
                   class="toggle_saved_item btn btn_default top_link link_heart " data-idf="product_discounts_164477" data-type="product"
                   data-item="164477"><span>Přidat produkt do oblíbených</span></a>
			</span>
                            <span class="saved_item_text">
                                                            Zapněte si oblíbené a upozorníme vás na novou akci
                                    		    </span>
                    </div>
                                </div>

                                                                                        <div id="price_164477" class="avg_price inactive">Běžná cena: <span>0,00</span>&nbsp;Kč</div>
                            
                        </div>
                    </div>
                </div>
            </div>

            <div class="clear"></div>
                                    
    
<div class="relative product_discounts product_discounts_overview" id="product_164477">
    <table class="wide discounts_table">

                            
                        
                                        
            <tr data-product="164477" data-discount="5128733" class="log_discount discount_row only_discount" data-key="0.5-l" id="discount_5128733">
                <td width="60" class="text-left discounts_shop_image">
                                            <a href="/letaky/billa" class="product_link_history" data-product="pivo-mixpack-bakalar" title="BILLA leták">
                            <img src="https://img.kupi.cz/kupi/thumbs/loga_shopy/billa_80.png" alt="BILLA leták" width="50">
                        </a>
                                    </td>

                <td class="discounts_shop_info">
                    <span class="discounts_shop_name">
                        <a href="/letaky/billa" class="product_link_history" data-product="pivo-mixpack-bakalar" title="BILLA">
                            <span>
                                                                    BILLA
                                                                                                                                                                            </span>
                        </a>

                                                                    </span>

                    
                                            <div class="discounts_markets">
                                                            <a href="/obchod/billa/billa-brno-podperova" title="BILLA" data-shop="BILLA" class="product_link_history" data-product="pivo-mixpack-bakalar">platí pro 14 nejbližších poboček</a>
                                                    </div>
                                    </td>

                <td class="text-left discounts_price">
                    <span class="discount_price_label">cena</span>
                    <div class="left">
                        <strong class="discount_price_value">119,90&nbsp;Kč</strong>
                    </div>

                                            <div class="discount_amount left">
                            &nbsp;/&nbsp;8x 0.5 l                        </div>
                    
                    
                    <div class="clear"></div>

                    <span style="font-size: 12px;">
                                                                                                29,98&nbsp;Kč&nbsp;/&nbsp;1&nbsp;l                                                                                    </span>

                    
                                            <div class="discount_note">
                            +24 Kč záloha na láhve                        </div>
                                    </td>

                <td class="text-left discounts_validity valid_discount">
                                                                        platí do neděle <span style="white-space: nowrap;">25. 9. </span>
                                                            </td>

                <td class="discounts_list_add">

                                            <div class="add_list_wrap">
                        


    
                                
        
        <div class="save_item_content nologin_save_item icon_only "
             data-idf="product_discounts_164477">
			<span class="link_content">
                
    <span class="spinner-absolute spinner-btn no_content hdn"><span class="js-loader"></span></span>

                <a data-rustmp="1" data-action="click" data-fn="rusInit" href="#"
                   aria-label="Přidat produkt do oblíbených - nutné přihlášení uživatele" style="line-height: 0;"
                   class="toggle_saved_item btn btn_default top_link link_heart " data-idf="product_discounts_164477" data-type="product"
                   data-item="164477"><span>Přidat produkt do oblíbených</span></a>
			</span>
                    </div>
                            </div>
                    
                                            <a data-product-id="164477" href="#5128733" role="button" aria-label="Přidat Pivo Mixpack Bakalář do nákupního seznamu" data-shop="5" data-price="119.9" data-product="Pivo Mixpack Bakalář" class="btn btn_colored btn_list_add no_login">Přidat</a>
                                    </td>
            </tr>
                        </table>
    
    <div class="discounts_show_all_shops only_discount" data-product="164477" style="display: none;">
        <a role="button" href="#164477" class="purple_link discount_all_shops only_discount">Další obchody (<span>-3</span>)</a>
    </div>
</div>

    <div class="product_price_from">
        od <strong>119,90&nbsp;Kč</strong>
    </div>
                            <div class="clear"></div>
        </div>

        
        
        
    

    
        <div class="group_discounts active" data-page="5">
            <div class="absolute product_target" id="180886" style="top: -80px;"></div>

            <div class="product_image">
                <a href="/sleva/pivo-svetly-lezak-11-pivovar-rychtar" title="Pivo světlý ležák 11° Pivovar Rychtář" aria-hidden="true" tabindex="-1" class="open_detail" class="product_link_history" data-product-id="180886" data-product="pivo-svetly-lezak-11-pivovar-rychtar">
                    <img src="/img/no_img/no_discounts.png"
                         data-src="https://img.kupi.cz/kupi/thumbs/pivo-svetly-lezak-11-pivovar-rychtar_box_120_140.jpg"
                         alt="Pivo světlý ležák 11° Pivovar Rychtář">
                </a>
                <span class="label-supplement">ilustrační obrázek</span>
            </div>

            <div class="relative product_discounts">
                <div class="wide left">
                    <div class="relative product_name_around" style="margin-right: 32px;">
                        <div data-product="180886" class="log_product product_name wide">
                            <h2>
                                <a title="Pivo světlý ležák 11° Pivovar Rychtář" aria-label="Pivo světlý ležák 11° Pivovar Rychtář v akci za 13,90 Kč" href="/sleva/pivo-svetly-lezak-11-pivovar-rychtar" class="product_link_history" data-product="pivo-svetly-lezak-11-pivovar-rychtar">
                                    <strong>Pivo světlý ležák 11° Pivovar Rychtář</strong>
                                </a>

                                <span class="nowrap">
                                                                                                                                                                        <span>0.5 l</span>
                                                                                                                        
                                                                    </span>
                            </h2>

                            <div class="product_my_leaflet">
                                


    
                                
        
        <div class="save_item_content nologin_save_item  "
             data-idf="product_discounts_180886">
			<span class="link_content">
                
    <span class="spinner-absolute spinner-btn no_content hdn"><span class="js-loader"></span></span>

                <a data-rustmp="1" data-action="click" data-fn="rusInit" href="#"
                   aria-label="Přidat produkt do oblíbených - nutné přihlášení uživatele" style="line-height: 0;"
                   class="toggle_saved_item btn btn_default top_link link_heart " data-idf="product_discounts_180886" data-type="product"
                   data-item="180886"><span>Přidat produkt do oblíbených</span></a>
			</span>
                            <span class="saved_item_text">
                                                            Zapněte si oblíbené a upozorníme vás na novou akci
                                    		    </span>
                    </div>
                                </div>

                                                                                        <div id="price_180886" class="avg_price">Běžná cena: <span>16,90</span>&nbsp;Kč</div>
                            
                        </div>
                    </div>
                </div>
            </div>

            <div class="clear"></div>
                                    
    
<div class="relative product_discounts product_discounts_overview" id="product_180886">
    <table class="wide discounts_table">

                            
                        
                                        
            <tr data-product="180886" data-discount="5093710" class="log_discount discount_row only_discount" data-key="0.5-l" id="discount_5093710">
                <td width="60" class="text-left discounts_shop_image">
                                            <a href="/letaky/billa" class="product_link_history" data-product="pivo-svetly-lezak-11-pivovar-rychtar" title="BILLA leták">
                            <img src="https://img.kupi.cz/kupi/thumbs/loga_shopy/billa_80.png" alt="BILLA leták" width="50">
                        </a>
                                    </td>

                <td class="discounts_shop_info">
                    <span class="discounts_shop_name">
                        <a href="/letaky/billa" class="product_link_history" data-product="pivo-svetly-lezak-11-pivovar-rychtar" title="BILLA">
                            <span>
                                                                    BILLA
                                                                                                                                                                            </span>
                        </a>

                                                                    </span>

                    
                                            <div class="discounts_markets">
                                                            <a href="/obchod/billa/billa-brno-podperova" title="BILLA" data-shop="BILLA" class="product_link_history" data-product="pivo-svetly-lezak-11-pivovar-rychtar">platí pro 14 nejbližších poboček</a>
                                                    </div>
                                    </td>

                <td class="text-left discounts_price">
                    <span class="discount_price_label">cena</span>
                    <div class="left">
                        <strong class="discount_price_value">13,90&nbsp;Kč</strong>
                    </div>

                                            <div class="discount_amount left">
                            &nbsp;/&nbsp;0.5 l                        </div>
                    
                    
                    <div class="clear"></div>

                    <span style="font-size: 12px;">
                                                                                                27,80&nbsp;Kč&nbsp;/&nbsp;1&nbsp;l                                                                                    </span>

                    
                                            <div class="discount_note">
                            plech                        </div>
                                    </td>

                <td class="text-left discounts_validity valid_discount">
                                                                        dnes končí
                                                            </td>

                <td class="discounts_list_add">

                                            <div class="add_list_wrap">
                        


    
                                
        
        <div class="save_item_content nologin_save_item icon_only "
             data-idf="product_discounts_180886">
			<span class="link_content">
                
    <span class="spinner-absolute spinner-btn no_content hdn"><span class="js-loader"></span></span>

                <a data-rustmp="1" data-action="click" data-fn="rusInit" href="#"
                   aria-label="Přidat produkt do oblíbených - nutné přihlášení uživatele" style="line-height: 0;"
                   class="toggle_saved_item btn btn_default top_link link_heart " data-idf="product_discounts_180886" data-type="product"
                   data-item="180886"><span>Přidat produkt do oblíbených</span></a>
			</span>
                    </div>
                            </div>
                    
                                            <a data-product-id="180886" href="#5093710" role="button" aria-label="Přidat Pivo světlý ležák 11° Pivovar Rychtář do nákupního seznamu" data-shop="5" data-price="13.9" data-product="Pivo světlý ležák 11° Pivovar Rychtář" class="btn btn_colored btn_list_add no_login">Přidat</a>
                                    </td>
            </tr>
                        </table>
    
    <div class="discounts_show_all_shops only_discount" data-product="180886" style="display: none;">
        <a role="button" href="#180886" class="purple_link discount_all_shops only_discount">Další obchody (<span>-3</span>)</a>
    </div>
</div>

    <div class="product_price_from">
        od <strong>13,90&nbsp;Kč</strong>
    </div>
                            <div class="clear"></div>
        </div>

        
        
        
    

    
        <div class="group_discounts active" data-page="5">
            <div class="absolute product_target" id="207588" style="top: -80px;"></div>

            <div class="product_image">
                <a href="/sleva/pivo-svetle-vycepni-10-novopacke-broucek-pivovar-nova-paka" title="Pivo světlé výčepní 10° Novopacké Brouček Pivovar Nová Paka" aria-hidden="true" tabindex="-1" class="open_detail" class="product_link_history" data-product-id="207588" data-product="pivo-svetle-vycepni-10-novopacke-broucek-pivovar-nova-paka">
                    <img src="/img/no_img/no_discounts.png"
                         data-src="https://img.kupi.cz/kupi/thumbs/pivo-novopacke-broucek-pivovar-nova-paka_box_120_140.png"
                         alt="Pivo světlé výčepní 10° Novopacké Brouček Pivovar Nová Paka">
                </a>
                <span class="label-supplement">ilustrační obrázek</span>
            </div>

            <div class="relative product_discounts">
                <div class="wide left">
                    <div class="relative product_name_around" style="margin-right: 32px;">
                        <div data-product="207588" class="log_product product_name wide">
                            <h2>
                                <a title="Pivo světlé výčepní 10° Novopacké Brouček Pivovar Nová Paka" aria-label="Pivo světlé výčepní 10° Novopacké Brouček Pivovar Nová Paka v akci za 26,90 Kč" href="/sleva/pivo-svetle-vycepni-10-novopacke-broucek-pivovar-nova-paka" class="product_link_history" data-product="pivo-svetle-vycepni-10-novopacke-broucek-pivovar-nova-paka">
                                    <strong>Pivo světlé výčepní 10° Novopacké Brouček Pivovar Nová Paka</strong>
                                </a>

                                <span class="nowrap">
                                                                                                                                                                        <span>1.5 l</span>
                                                                                                                        
                                                                    </span>
                            </h2>

                            <div class="product_my_leaflet">
                                


    
                                
        
        <div class="save_item_content nologin_save_item  "
             data-idf="product_discounts_207588">
			<span class="link_content">
                
    <span class="spinner-absolute spinner-btn no_content hdn"><span class="js-loader"></span></span>

                <a data-rustmp="1" data-action="click" data-fn="rusInit" href="#"
                   aria-label="Přidat produkt do oblíbených - nutné přihlášení uživatele" style="line-height: 0;"
                   class="toggle_saved_item btn btn_default top_link link_heart " data-idf="product_discounts_207588" data-type="product"
                   data-item="207588"><span>Přidat produkt do oblíbených</span></a>
			</span>
                            <span class="saved_item_text">
                                                            Zapněte si oblíbené a upozorníme vás na novou akci
                                    		    </span>
                    </div>
                                </div>

                                                                                        <div id="price_207588" class="avg_price inactive">Běžná cena: <span>0,00</span>&nbsp;Kč</div>
                            
                        </div>
                    </div>
                </div>
            </div>

            <div class="clear"></div>
                                    
    
<div class="relative product_discounts product_discounts_overview" id="product_207588">
    <table class="wide discounts_table">

                            
                        
                                        
            <tr data-product="207588" data-discount="5093770" class="log_discount discount_row only_discount" data-key="1.5-l" id="discount_5093770">
                <td width="60" class="text-left discounts_shop_image">
                                            <a href="/letaky/billa" class="product_link_history" data-product="pivo-svetle-vycepni-10-novopacke-broucek-pivovar-nova-paka" title="BILLA leták">
                            <img src="https://img.kupi.cz/kupi/thumbs/loga_shopy/billa_80.png" alt="BILLA leták" width="50">
                        </a>
                                    </td>

                <td class="discounts_shop_info">
                    <span class="discounts_shop_name">
                        <a href="/letaky/billa" class="product_link_history" data-product="pivo-svetle-vycepni-10-novopacke-broucek-pivovar-nova-paka" title="BILLA">
                            <span>
                                                                    BILLA
                                                                                                                                                                            </span>
                        </a>

                                                                    </span>

                    
                                            <div class="discounts_markets">
                                                            <a href="/obchod/billa/billa-brno-podperova" title="BILLA" data-shop="BILLA" class="product_link_history" data-product="pivo-svetle-vycepni-10-novopacke-broucek-pivovar-nova-paka">platí pro 14 nejbližších poboček</a>
                                                    </div>
                                    </td>

                <td class="text-left discounts_price">
                    <span class="discount_price_label">cena</span>
                    <div class="left">
                        <strong class="discount_price_value">26,90&nbsp;Kč</strong>
                    </div>

                                            <div class="discount_amount left">
                            &nbsp;/&nbsp;1.5 l                        </div>
                    
                    
                    <div class="clear"></div>

                    <span style="font-size: 12px;">
                                                                                                17,93&nbsp;Kč&nbsp;/&nbsp;1&nbsp;l                                                                                    </span>

                    
                                            <div class="discount_note">
                            pet láhev                        </div>
                                    </td>

                <td class="text-left discounts_validity valid_discount">
                                                                        dnes končí
                                                            </td>

                <td class="discounts_list_add">

                                            <div class="add_list_wrap">
                        


    
                                
        
        <div class="save_item_content nologin_save_item icon_only "
             data-idf="product_discounts_207588">
			<span class="link_content">
                
    <span class="spinner-absolute spinner-btn no_content hdn"><span class="js-loader"></span></span>

                <a data-rustmp="1" data-action="click" data-fn="rusInit" href="#"
                   aria-label="Přidat produkt do oblíbených - nutné přihlášení uživatele" style="line-height: 0;"
                   class="toggle_saved_item btn btn_default top_link link_heart " data-idf="product_discounts_207588" data-type="product"
                   data-item="207588"><span>Přidat produkt do oblíbených</span></a>
			</span>
                    </div>
                            </div>
                    
                                            <a data-product-id="207588" href="#5093770" role="button" aria-label="Přidat Pivo světlé výčepní 10° Novopacké Brouček Pivovar Nová Paka do nákupního seznamu" data-shop="5" data-price="26.9" data-product="Pivo světlé výčepní 10° Novopacké Brouček Pivovar Nová Paka" class="btn btn_colored btn_list_add no_login">Přidat</a>
                                    </td>
            </tr>
                        </table>
    
    <div class="discounts_show_all_shops only_discount" data-product="207588" style="display: none;">
        <a role="button" href="#207588" class="purple_link discount_all_shops only_discount">Další obchody (<span>-3</span>)</a>
    </div>
</div>

    <div class="product_price_from">
        od <strong>26,90&nbsp;Kč</strong>
    </div>
                            <div class="clear"></div>
        </div>

        
        
        
    

    
        <div class="group_discounts active" data-page="5">
            <div class="absolute product_target" id="396856" style="top: -80px;"></div>

            <div class="product_image">
                <a href="/sleva/pivo-horka-12-ze-sklepa-pardubicky-pivovar" title="Pivo Hořká 12° Ze sklepa Pardubický Pivovar" aria-hidden="true" tabindex="-1" class="open_detail" class="product_link_history" data-product-id="396856" data-product="pivo-horka-12-ze-sklepa-pardubicky-pivovar">
                    <img src="/img/no_img/no_discounts.png"
                         data-src="https://img.kupi.cz/kupi/thumbs/pivo-horka-12-ze-sklepa-pardubicky-pivovar_box_120_140.jpg"
                         alt="Pivo Hořká 12° Ze sklepa Pardubický Pivovar">
                </a>
                <span class="label-supplement">ilustrační obrázek</span>
            </div>

            <div class="relative product_discounts">
                <div class="wide left">
                    <div class="relative product_name_around" style="margin-right: 32px;">
                        <div data-product="396856" class="log_product product_name wide">
                            <h2>
                                <a title="Pivo Hořká 12° Ze sklepa Pardubický Pivovar" aria-label="Pivo Hořká 12° Ze sklepa Pardubický Pivovar v akci za 15,90 Kč" href="/sleva/pivo-horka-12-ze-sklepa-pardubicky-pivovar" class="product_link_history" data-product="pivo-horka-12-ze-sklepa-pardubicky-pivovar">
                                    <strong>Pivo Hořká 12° Ze sklepa Pardubický Pivovar</strong>
                                </a>

                                <span class="nowrap">
                                                                                                                                                                        <span>0.5 l</span>
                                                                                                                        
                                                                    </span>
                            </h2>

                            <div class="product_my_leaflet">
                                


    
                                
        
        <div class="save_item_content nologin_save_item  "
             data-idf="product_discounts_396856">
			<span class="link_content">
                
    <span class="spinner-absolute spinner-btn no_content hdn"><span class="js-loader"></span></span>

                <a data-rustmp="1" data-action="click" data-fn="rusInit" href="#"
                   aria-label="Přidat produkt do oblíbených - nutné přihlášení uživatele" style="line-height: 0;"
                   class="toggle_saved_item btn btn_default top_link link_heart " data-idf="product_discounts_396856" data-type="product"
                   data-item="396856"><span>Přidat produkt do oblíbených</span></a>
			</span>
                            <span class="saved_item_text">
                                                            Zapněte si oblíbené a upozorníme vás na novou akci
                                    		    </span>
                    </div>
                                </div>

                                                                                        <div id="price_396856" class="avg_price">Běžná cena: <span>16,90</span>&nbsp;Kč</div>
                            
                        </div>
                    </div>
                </div>
            </div>

            <div class="clear"></div>
                                    
    
<div class="relative product_discounts product_discounts_overview" id="product_396856">
    <table class="wide discounts_table">

                            
                        
                                        
            <tr data-product="396856" data-discount="5093749" class="log_discount discount_row only_discount" data-key="0.5-l" id="discount_5093749">
                <td width="60" class="text-left discounts_shop_image">
                                            <a href="/letaky/billa" class="product_link_history" data-product="pivo-horka-12-ze-sklepa-pardubicky-pivovar" title="BILLA leták">
                            <img src="https://img.kupi.cz/kupi/thumbs/loga_shopy/billa_80.png" alt="BILLA leták" width="50">
                        </a>
                                    </td>

                <td class="discounts_shop_info">
                    <span class="discounts_shop_name">
                        <a href="/letaky/billa" class="product_link_history" data-product="pivo-horka-12-ze-sklepa-pardubicky-pivovar" title="BILLA">
                            <span>
                                                                    BILLA
                                                                                                                                                                            </span>
                        </a>

                                                                    </span>

                    
                                            <div class="discounts_markets">
                                                            <a href="/obchod/billa/billa-brno-podperova" title="BILLA" data-shop="BILLA" class="product_link_history" data-product="pivo-horka-12-ze-sklepa-pardubicky-pivovar">platí pro 14 nejbližších poboček</a>
                                                    </div>
                                    </td>

                <td class="text-left discounts_price">
                    <span class="discount_price_label">cena</span>
                    <div class="left">
                        <strong class="discount_price_value">15,90&nbsp;Kč</strong>
                    </div>

                                            <div class="discount_amount left">
                            &nbsp;/&nbsp;0.5 l                        </div>
                    
                    
                    <div class="clear"></div>

                    <span style="font-size: 12px;">
                                                                                                31,80&nbsp;Kč&nbsp;/&nbsp;1&nbsp;l                                                                                    </span>

                    
                                            <div class="discount_note">
                            plech                        </div>
                                    </td>

                <td class="text-left discounts_validity valid_discount">
                                                                        dnes končí
                                                            </td>

                <td class="discounts_list_add">

                                            <div class="add_list_wrap">
                        


    
                                
        
        <div class="save_item_content nologin_save_item icon_only "
             data-idf="product_discounts_396856">
			<span class="link_content">
                
    <span class="spinner-absolute spinner-btn no_content hdn"><span class="js-loader"></span></span>

                <a data-rustmp="1" data-action="click" data-fn="rusInit" href="#"
                   aria-label="Přidat produkt do oblíbených - nutné přihlášení uživatele" style="line-height: 0;"
                   class="toggle_saved_item btn btn_default top_link link_heart " data-idf="product_discounts_396856" data-type="product"
                   data-item="396856"><span>Přidat produkt do oblíbených</span></a>
			</span>
                    </div>
                            </div>
                    
                                            <a data-product-id="396856" href="#5093749" role="button" aria-label="Přidat Pivo Hořká 12° Ze sklepa Pardubický Pivovar do nákupního seznamu" data-shop="5" data-price="15.9" data-product="Pivo Hořká 12° Ze sklepa Pardubický Pivovar" class="btn btn_colored btn_list_add no_login">Přidat</a>
                                    </td>
            </tr>
                        </table>
    
    <div class="discounts_show_all_shops only_discount" data-product="396856" style="display: none;">
        <a role="button" href="#396856" class="purple_link discount_all_shops only_discount">Další obchody (<span>-3</span>)</a>
    </div>
</div>

    <div class="product_price_from">
        od <strong>15,90&nbsp;Kč</strong>
    </div>
                            <div class="clear"></div>
        </div>

        
        
            
                <div class="position_wrap">
                                            <div class="ssp_middle" data-sssp="ssp_middle_txt" data-device="desktop"></div>
            

                </div>

            
        
        
    

    
        <div class="group_discounts active" data-page="5">
            <div class="absolute product_target" id="340114" style="top: -80px;"></div>

            <div class="product_image">
                <a href="/sleva/pivo-tmavy-lezak-11-samson" title="Pivo tmavý ležák 11° Samson" aria-hidden="true" tabindex="-1" class="open_detail" class="product_link_history" data-product-id="340114" data-product="pivo-tmavy-lezak-11-samson">
                    <img src="/img/no_img/no_discounts.png"
                         data-src="https://img.kupi.cz/kupi/thumbs/pivo-tmavy-lezak-11-samson_box_120_140.jpg"
                         alt="Pivo tmavý ležák 11° Samson">
                </a>
                <span class="label-supplement">ilustrační obrázek</span>
            </div>

            <div class="relative product_discounts">
                <div class="wide left">
                    <div class="relative product_name_around" style="margin-right: 32px;">
                        <div data-product="340114" class="log_product product_name wide">
                            <h2>
                                <a title="Pivo tmavý ležák 11° Samson" aria-label="Pivo tmavý ležák 11° Samson v akci za 11,90 Kč" href="/sleva/pivo-tmavy-lezak-11-samson" class="product_link_history" data-product="pivo-tmavy-lezak-11-samson">
                                    <strong>Pivo tmavý ležák 11° Samson</strong>
                                </a>

                                <span class="nowrap">
                                                                                                                                                                        <span>0.5 l</span>
                                                                                                                        
                                                                    </span>
                            </h2>

                            <div class="product_my_leaflet">
                                


    
                                
        
        <div class="save_item_content nologin_save_item  "
             data-idf="product_discounts_340114">
			<span class="link_content">
                
    <span class="spinner-absolute spinner-btn no_content hdn"><span class="js-loader"></span></span>

                <a data-rustmp="1" data-action="click" data-fn="rusInit" href="#"
                   aria-label="Přidat produkt do oblíbených - nutné přihlášení uživatele" style="line-height: 0;"
                   class="toggle_saved_item btn btn_default top_link link_heart " data-idf="product_discounts_340114" data-type="product"
                   data-item="340114"><span>Přidat produkt do oblíbených</span></a>
			</span>
                            <span class="saved_item_text">
                                                            Zapněte si oblíbené a upozorníme vás na novou akci
                                    		    </span>
                    </div>
                                </div>

                                                                                        <div id="price_340114" class="avg_price">Běžná cena: <span>13,90</span>&nbsp;Kč</div>
                            
                        </div>
                    </div>
                </div>
            </div>

            <div class="clear"></div>
                                    
    
<div class="relative product_discounts product_discounts_overview" id="product_340114">
    <table class="wide discounts_table">

                            
                        
                                        
            <tr data-product="340114" data-discount="5127458" class="log_discount discount_row only_discount" data-key="0.5-l" id="discount_5127458">
                <td width="60" class="text-left discounts_shop_image">
                                            <a href="/letaky/flop" class="product_link_history" data-product="pivo-tmavy-lezak-11-samson" title="FLOP leták">
                            <img src="https://img.kupi.cz/kupi/thumbs/loga_shopy/type-flop_80.png" alt="FLOP leták" width="50">
                        </a>
                                    </td>

                <td class="discounts_shop_info">
                    <span class="discounts_shop_name">
                        <a href="/letaky/flop" class="product_link_history" data-product="pivo-tmavy-lezak-11-samson" title="FLOP">
                            <span>
                                                                    FLOP                                                            </span>
                        </a>

                                                                    </span>

                    
                                            <div class="discounts_markets">
                                                            <a href="/obchod/flop/flop-kurim" title="FLOP" data-shop="FLOP" class="product_link_history" data-product="pivo-tmavy-lezak-11-samson">platí pro 7 nejbližších poboček</a>
                                                    </div>
                                    </td>

                <td class="text-left discounts_price">
                    <span class="discount_price_label">cena</span>
                    <div class="left">
                        <strong class="discount_price_value">11,90&nbsp;Kč</strong>
                    </div>

                                            <div class="discount_amount left">
                            &nbsp;/&nbsp;0.5 l                        </div>
                    
                    
                    <div class="clear"></div>

                    <span style="font-size: 12px;">
                                                                                                23,80&nbsp;Kč&nbsp;/&nbsp;1&nbsp;l                                                                                    </span>

                    
                                            <div class="discount_note">
                            +3 Kč záloha na láhev                        </div>
                                    </td>

                <td class="text-left discounts_validity valid_discount">
                                                                        dnes končí
                                                            </td>

                <td class="discounts_list_add">

                                            <div class="add_list_wrap">
                        


    
                                
        
        <div class="save_item_content nologin_save_item icon_only "
             data-idf="product_discounts_340114">
			<span class="link_content">
                
    <span class="spinner-absolute spinner-btn no_content hdn"><span class="js-loader"></span></span>

                <a data-rustmp="1" data-action="click" data-fn="rusInit" href="#"
                   aria-label="Přidat produkt do oblíbených - nutné přihlášení uživatele" style="line-height: 0;"
                   class="toggle_saved_item btn btn_default top_link link_heart " data-idf="product_discounts_340114" data-type="product"
                   data-item="340114"><span>Přidat produkt do oblíbených</span></a>
			</span>
                    </div>
                            </div>
                    
                                            <a data-product-id="340114" href="#5127458" role="button" aria-label="Přidat Pivo tmavý ležák 11° Samson do nákupního seznamu" data-shop="235" data-price="11.9" data-product="Pivo tmavý ležák 11° Samson" class="btn btn_colored btn_list_add no_login">Přidat</a>
                                    </td>
            </tr>
                        </table>
    
    <div class="discounts_show_all_shops only_discount" data-product="340114" style="display: none;">
        <a role="button" href="#340114" class="purple_link discount_all_shops only_discount">Další obchody (<span>-3</span>)</a>
    </div>
</div>

    <div class="product_price_from">
        od <strong>11,90&nbsp;Kč</strong>
    </div>
                            <div class="clear"></div>
        </div>

        
        
        
    

    
        <div class="group_discounts active" data-page="5">
            <div class="absolute product_target" id="352657" style="top: -80px;"></div>

            <div class="product_image">
                <a href="/sleva/pivo-tmave-vycepni-dark-litovel" title="Pivo tmavé výčepní Dark Litovel" aria-hidden="true" tabindex="-1" class="open_detail" class="product_link_history" data-product-id="352657" data-product="pivo-tmave-vycepni-dark-litovel">
                    <img src="/img/no_img/no_discounts.png"
                         data-src="https://img.kupi.cz/kupi/thumbs/pivo-tmave-vycepni-dark-litovel_box_120_140.png"
                         alt="Pivo tmavé výčepní Dark Litovel">
                </a>
                <span class="label-supplement">ilustrační obrázek</span>
            </div>

            <div class="relative product_discounts">
                <div class="wide left">
                    <div class="relative product_name_around" style="margin-right: 32px;">
                        <div data-product="352657" class="log_product product_name wide">
                            <h2>
                                <a title="Pivo tmavé výčepní Dark Litovel" aria-label="Pivo tmavé výčepní Dark Litovel v akci za 13,90 Kč" href="/sleva/pivo-tmave-vycepni-dark-litovel" class="product_link_history" data-product="pivo-tmave-vycepni-dark-litovel">
                                    <strong>Pivo tmavé výčepní Dark Litovel</strong>
                                </a>

                                <span class="nowrap">
                                                                                                                                                                        <span>0.5 l</span>
                                                                                                                        
                                                                    </span>
                            </h2>

                            <div class="product_my_leaflet">
                                


    
                                
        
        <div class="save_item_content nologin_save_item  "
             data-idf="product_discounts_352657">
			<span class="link_content">
                
    <span class="spinner-absolute spinner-btn no_content hdn"><span class="js-loader"></span></span>

                <a data-rustmp="1" data-action="click" data-fn="rusInit" href="#"
                   aria-label="Přidat produkt do oblíbených - nutné přihlášení uživatele" style="line-height: 0;"
                   class="toggle_saved_item btn btn_default top_link link_heart " data-idf="product_discounts_352657" data-type="product"
                   data-item="352657"><span>Přidat produkt do oblíbených</span></a>
			</span>
                            <span class="saved_item_text">
                                                            Zapněte si oblíbené a upozorníme vás na novou akci
                                    		    </span>
                    </div>
                                </div>

                                                                                        <div id="price_352657" class="avg_price inactive">Běžná cena: <span>0,00</span>&nbsp;Kč</div>
                            
                        </div>
                    </div>
                </div>
            </div>

            <div class="clear"></div>
                                    
    
<div class="relative product_discounts product_discounts_overview" id="product_352657">
    <table class="wide discounts_table">

                            
                        
                                        
            <tr data-product="352657" data-discount="5100007" class="log_discount discount_row only_discount" data-key="0.5-l" id="discount_5100007">
                <td width="60" class="text-left discounts_shop_image">
                                            <a href="/letaky/cba" class="product_link_history" data-product="pivo-tmave-vycepni-dark-litovel" title="CBA leták">
                            <img src="https://img.kupi.cz/kupi/thumbs/loga_shopy/cba_80.png" alt="CBA leták" width="50">
                        </a>
                                    </td>

                <td class="discounts_shop_info">
                    <span class="discounts_shop_name">
                        <a href="/letaky/cba" class="product_link_history" data-product="pivo-tmave-vycepni-dark-litovel" title="CBA">
                            <span>
                                                                    CBA
                                                                                                                                                                            </span>
                        </a>

                                                                    </span>

                    
                                            <div class="discounts_markets">
                                                            <a href="/obchod/cba/potraviny-4" title="CBA" data-shop="CBA" class="product_link_history" data-product="pivo-tmave-vycepni-dark-litovel">platí pro 24 nejbližších poboček</a>
                                                    </div>
                                    </td>

                <td class="text-left discounts_price">
                    <span class="discount_price_label">cena</span>
                    <div class="left">
                        <strong class="discount_price_value">13,90&nbsp;Kč</strong>
                    </div>

                                            <div class="discount_amount left">
                            &nbsp;/&nbsp;0.5 l                        </div>
                    
                    
                    <div class="clear"></div>

                    <span style="font-size: 12px;">
                                                                                                27,80&nbsp;Kč&nbsp;/&nbsp;1&nbsp;l                                                                                    </span>

                    
                                            <div class="discount_note">
                            +3 Kč záloha na láhev, pouze ve vybraných prodejnách                        </div>
                                    </td>

                <td class="text-left discounts_validity valid_discount">
                                                                        dnes končí
                                                            </td>

                <td class="discounts_list_add">

                                            <div class="add_list_wrap">
                        


    
                                
        
        <div class="save_item_content nologin_save_item icon_only "
             data-idf="product_discounts_352657">
			<span class="link_content">
                
    <span class="spinner-absolute spinner-btn no_content hdn"><span class="js-loader"></span></span>

                <a data-rustmp="1" data-action="click" data-fn="rusInit" href="#"
                   aria-label="Přidat produkt do oblíbených - nutné přihlášení uživatele" style="line-height: 0;"
                   class="toggle_saved_item btn btn_default top_link link_heart " data-idf="product_discounts_352657" data-type="product"
                   data-item="352657"><span>Přidat produkt do oblíbených</span></a>
			</span>
                    </div>
                            </div>
                    
                                            <a data-product-id="352657" href="#5100007" role="button" aria-label="Přidat Pivo tmavé výčepní Dark Litovel do nákupního seznamu" data-shop="257" data-price="13.9" data-product="Pivo tmavé výčepní Dark Litovel" class="btn btn_colored btn_list_add no_login">Přidat</a>
                                    </td>
            </tr>
                        </table>
    
    <div class="discounts_show_all_shops only_discount" data-product="352657" style="display: none;">
        <a role="button" href="#352657" class="purple_link discount_all_shops only_discount">Další obchody (<span>-3</span>)</a>
    </div>
</div>

    <div class="product_price_from">
        od <strong>13,90&nbsp;Kč</strong>
    </div>
                            <div class="clear"></div>
        </div>

        
        
        
    

    
        <div class="group_discounts active" data-page="5">
            <div class="absolute product_target" id="314360" style="top: -80px;"></div>

            <div class="product_image">
                <a href="/sleva/pivo-svetly-lezak-nefiltrovany-vaclav-litovel" title="Pivo světlý ležák nefiltrovaný Václav Litovel" aria-hidden="true" tabindex="-1" class="open_detail" class="product_link_history" data-product-id="314360" data-product="pivo-svetly-lezak-nefiltrovany-vaclav-litovel">
                    <img src="/img/no_img/no_discounts.png"
                         data-src="https://img.kupi.cz/kupi/thumbs/pivo-svetly-lezak-nefiltrovany-vaclav-litovel_box_120_140.png"
                         alt="Pivo světlý ležák nefiltrovaný Václav Litovel">
                </a>
                <span class="label-supplement">ilustrační obrázek</span>
            </div>

            <div class="relative product_discounts">
                <div class="wide left">
                    <div class="relative product_name_around" style="margin-right: 32px;">
                        <div data-product="314360" class="log_product product_name wide">
                            <h2>
                                <a title="Pivo světlý ležák nefiltrovaný Václav Litovel" aria-label="Pivo světlý ležák nefiltrovaný Václav Litovel v akci za 126,90 Kč" href="/sleva/pivo-svetly-lezak-nefiltrovany-vaclav-litovel" class="product_link_history" data-product="pivo-svetly-lezak-nefiltrovany-vaclav-litovel">
                                    <strong>Pivo světlý ležák nefiltrovaný Václav Litovel</strong>
                                </a>

                                <span class="nowrap">
                                                                                                                                                                        <span>0.5 l</span>
                                                                                                                        
                                                                    </span>
                            </h2>

                            <div class="product_my_leaflet">
                                


    
                                
        
        <div class="save_item_content nologin_save_item  "
             data-idf="product_discounts_314360">
			<span class="link_content">
                
    <span class="spinner-absolute spinner-btn no_content hdn"><span class="js-loader"></span></span>

                <a data-rustmp="1" data-action="click" data-fn="rusInit" href="#"
                   aria-label="Přidat produkt do oblíbených - nutné přihlášení uživatele" style="line-height: 0;"
                   class="toggle_saved_item btn btn_default top_link link_heart " data-idf="product_discounts_314360" data-type="product"
                   data-item="314360"><span>Přidat produkt do oblíbených</span></a>
			</span>
                            <span class="saved_item_text">
                                                            Zapněte si oblíbené a upozorníme vás na novou akci
                                    		    </span>
                    </div>
                                </div>

                                                                                        <div id="price_314360" class="avg_price inactive">Běžná cena: <span>0,00</span>&nbsp;Kč</div>
                            
                        </div>
                    </div>
                </div>
            </div>

            <div class="clear"></div>
                                    
    
<div class="relative product_discounts product_discounts_overview" id="product_314360">
    <table class="wide discounts_table">

                            
                        
                                        
            <tr data-product="314360" data-discount="5128745" class="log_discount discount_row only_discount" data-key="0.5-l" id="discount_5128745">
                <td width="60" class="text-left discounts_shop_image">
                                            <a href="/letaky/billa" class="product_link_history" data-product="pivo-svetly-lezak-nefiltrovany-vaclav-litovel" title="BILLA leták">
                            <img src="https://img.kupi.cz/kupi/thumbs/loga_shopy/billa_80.png" alt="BILLA leták" width="50">
                        </a>
                                    </td>

                <td class="discounts_shop_info">
                    <span class="discounts_shop_name">
                        <a href="/letaky/billa" class="product_link_history" data-product="pivo-svetly-lezak-nefiltrovany-vaclav-litovel" title="BILLA">
                            <span>
                                                                    BILLA
                                                                                                                                                                            </span>
                        </a>

                                                                    </span>

                    
                                            <div class="discounts_markets">
                                                            <a href="/obchod/billa/billa-brno-podperova" title="BILLA" data-shop="BILLA" class="product_link_history" data-product="pivo-svetly-lezak-nefiltrovany-vaclav-litovel">platí pro 14 nejbližších poboček</a>
                                                    </div>
                                    </td>

                <td class="text-left discounts_price">
                    <span class="discount_price_label">cena</span>
                    <div class="left">
                        <strong class="discount_price_value">126,90&nbsp;Kč</strong>
                    </div>

                                            <div class="discount_amount left">
                            &nbsp;/&nbsp;8x 0.5 l                        </div>
                    
                    
                    <div class="clear"></div>

                    <span style="font-size: 12px;">
                                                                                                31,73&nbsp;Kč&nbsp;/&nbsp;1&nbsp;l                                                                                    </span>

                    
                                            <div class="discount_note">
                            +24 Kč záloha na láhve                        </div>
                                    </td>

                <td class="text-left discounts_validity valid_discount">
                                                                        platí do neděle <span style="white-space: nowrap;">25. 9. </span>
                                                            </td>

                <td class="discounts_list_add">

                                            <div class="add_list_wrap">
                        


    
                                
        
        <div class="save_item_content nologin_save_item icon_only "
             data-idf="product_discounts_314360">
			<span class="link_content">
                
    <span class="spinner-absolute spinner-btn no_content hdn"><span class="js-loader"></span></span>

                <a data-rustmp="1" data-action="click" data-fn="rusInit" href="#"
                   aria-label="Přidat produkt do oblíbených - nutné přihlášení uživatele" style="line-height: 0;"
                   class="toggle_saved_item btn btn_default top_link link_heart " data-idf="product_discounts_314360" data-type="product"
                   data-item="314360"><span>Přidat produkt do oblíbených</span></a>
			</span>
                    </div>
                            </div>
                    
                                            <a data-product-id="314360" href="#5128745" role="button" aria-label="Přidat Pivo světlý ležák nefiltrovaný Václav Litovel do nákupního seznamu" data-shop="5" data-price="126.9" data-product="Pivo světlý ležák nefiltrovaný Václav Litovel" class="btn btn_colored btn_list_add no_login">Přidat</a>
                                    </td>
            </tr>
                        </table>
    
    <div class="discounts_show_all_shops only_discount" data-product="314360" style="display: none;">
        <a role="button" href="#314360" class="purple_link discount_all_shops only_discount">Další obchody (<span>-3</span>)</a>
    </div>
</div>

    <div class="product_price_from">
        od <strong>126,90&nbsp;Kč</strong>
    </div>
                            <div class="clear"></div>
        </div>

        
        
        
    

    
        <div class="group_discounts active" data-page="5">
            <div class="absolute product_target" id="87894" style="top: -80px;"></div>

            <div class="product_image">
                <a href="/sleva/pivo-keltske-dedictvi" title="Pivo Keltské dědictví" aria-hidden="true" tabindex="-1" class="open_detail" class="product_link_history" data-product-id="87894" data-product="pivo-keltske-dedictvi">
                    <img src="/img/no_img/no_discounts.png"
                         data-src="https://img.kupi.cz/kupi/thumbs/pivo-keltske-dedictvi_box_120_140.jpg"
                         alt="Pivo Keltské dědictví">
                </a>
                <span class="label-supplement">ilustrační obrázek</span>
            </div>

            <div class="relative product_discounts">
                <div class="wide left">
                    <div class="relative product_name_around" style="margin-right: 32px;">
                        <div data-product="87894" class="log_product product_name wide">
                            <h2>
                                <a title="Pivo Keltské dědictví" aria-label="Pivo Keltské dědictví v akci za 49,90 Kč" href="/sleva/pivo-keltske-dedictvi" class="product_link_history" data-product="pivo-keltske-dedictvi">
                                    <strong>Pivo Keltské dědictví</strong>
                                </a>

                                <span class="nowrap">
                                                                                                                                                                        <span>1 l</span>
                                                                                                                        
                                                                    </span>
                            </h2>

                            <div class="product_my_leaflet">
                                


    
                                
        
        <div class="save_item_content nologin_save_item  "
             data-idf="product_discounts_87894">
			<span class="link_content">
                
    <span class="spinner-absolute spinner-btn no_content hdn"><span class="js-loader"></span></span>

                <a data-rustmp="1" data-action="click" data-fn="rusInit" href="#"
                   aria-label="Přidat produkt do oblíbených - nutné přihlášení uživatele" style="line-height: 0;"
                   class="toggle_saved_item btn btn_default top_link link_heart " data-idf="product_discounts_87894" data-type="product"
                   data-item="87894"><span>Přidat produkt do oblíbených</span></a>
			</span>
                            <span class="saved_item_text">
                                                            Zapněte si oblíbené a upozorníme vás na novou akci
                                    		    </span>
                    </div>
                                </div>

                                                                                        <div id="price_87894" class="avg_price">Běžná cena: <span>49,90</span>&nbsp;Kč</div>
                            
                        </div>
                    </div>
                </div>
            </div>

            <div class="clear"></div>
                                    
    
<div class="relative product_discounts product_discounts_overview" id="product_87894">
    <table class="wide discounts_table">

                            
                        
                                        
            <tr data-product="87894" data-discount="5128754" class="log_discount discount_row only_discount" data-key="1-l" id="discount_5128754">
                <td width="60" class="text-left discounts_shop_image">
                                            <a href="/letaky/billa" class="product_link_history" data-product="pivo-keltske-dedictvi" title="BILLA leták">
                            <img src="https://img.kupi.cz/kupi/thumbs/loga_shopy/billa_80.png" alt="BILLA leták" width="50">
                        </a>
                                    </td>

                <td class="discounts_shop_info">
                    <span class="discounts_shop_name">
                        <a href="/letaky/billa" class="product_link_history" data-product="pivo-keltske-dedictvi" title="BILLA">
                            <span>
                                                                    BILLA
                                                                                                                                                                            </span>
                        </a>

                                                                    </span>

                    
                                            <div class="discounts_markets">
                                                            <a href="/obchod/billa/billa-brno-podperova" title="BILLA" data-shop="BILLA" class="product_link_history" data-product="pivo-keltske-dedictvi">platí pro 14 nejbližších poboček</a>
                                                    </div>
                                    </td>

                <td class="text-left discounts_price">
                    <span class="discount_price_label">cena</span>
                    <div class="left">
                        <strong class="discount_price_value">49,90&nbsp;Kč</strong>
                    </div>

                                            <div class="discount_amount left">
                            &nbsp;/&nbsp;1 l                        </div>
                    
                    
                    <div class="clear"></div>

                    <span style="font-size: 12px;">
                                                                                                49,90&nbsp;Kč&nbsp;/&nbsp;1&nbsp;l                                                                                    </span>

                    
                                            <div class="discount_note">
                            plech                        </div>
                                    </td>

                <td class="text-left discounts_validity valid_discount">
                                                                        platí do neděle <span style="white-space: nowrap;">25. 9. </span>
                                                            </td>

                <td class="discounts_list_add">

                                            <div class="add_list_wrap">
                        


    
                                
        
        <div class="save_item_content nologin_save_item icon_only "
             data-idf="product_discounts_87894">
			<span class="link_content">
                
    <span class="spinner-absolute spinner-btn no_content hdn"><span class="js-loader"></span></span>

                <a data-rustmp="1" data-action="click" data-fn="rusInit" href="#"
                   aria-label="Přidat produkt do oblíbených - nutné přihlášení uživatele" style="line-height: 0;"
                   class="toggle_saved_item btn btn_default top_link link_heart " data-idf="product_discounts_87894" data-type="product"
                   data-item="87894"><span>Přidat produkt do oblíbených</span></a>
			</span>
                    </div>
                            </div>
                    
                                            <a data-product-id="87894" href="#5128754" role="button" aria-label="Přidat Pivo Keltské dědictví do nákupního seznamu" data-shop="5" data-price="49.9" data-product="Pivo Keltské dědictví" class="btn btn_colored btn_list_add no_login">Přidat</a>
                                    </td>
            </tr>
                        </table>
    
    <div class="discounts_show_all_shops only_discount" data-product="87894" style="display: none;">
        <a role="button" href="#87894" class="purple_link discount_all_shops only_discount">Další obchody (<span>-3</span>)</a>
    </div>
</div>

    <div class="product_price_from">
        od <strong>49,90&nbsp;Kč</strong>
    </div>
                            <div class="clear"></div>
        </div>

        
        
        
    

    
        <div class="group_discounts active" data-page="5">
            <div class="absolute product_target" id="44512" style="top: -80px;"></div>

            <div class="product_image">
                <a href="/sleva/pivo-psenicne-svetle-wheat-beer-harboe" title="Pivo pšeničné světlé Wheat Beer Harboe" aria-hidden="true" tabindex="-1" class="open_detail" class="product_link_history" data-product-id="44512" data-product="pivo-psenicne-svetle-wheat-beer-harboe">
                    <img src="/img/no_img/no_discounts.png"
                         data-src="https://img.kupi.cz/kupi/thumbs/pivo-psenicne-svetle-wheat-beer-harboe_box_120_140.jpg"
                         alt="Pivo pšeničné světlé Wheat Beer Harboe">
                </a>
                <span class="label-supplement">ilustrační obrázek</span>
            </div>

            <div class="relative product_discounts">
                <div class="wide left">
                    <div class="relative product_name_around" style="margin-right: 32px;">
                        <div data-product="44512" class="log_product product_name wide">
                            <h2>
                                <a title="Pivo pšeničné světlé Wheat Beer Harboe" aria-label="Pivo pšeničné světlé Wheat Beer Harboe v akci za 14,90 Kč" href="/sleva/pivo-psenicne-svetle-wheat-beer-harboe" class="product_link_history" data-product="pivo-psenicne-svetle-wheat-beer-harboe">
                                    <strong>Pivo pšeničné světlé Wheat Beer Harboe</strong>
                                </a>

                                <span class="nowrap">
                                                                                                                                                                        <span>0.5 l</span>
                                                                                                                        
                                                                    </span>
                            </h2>

                            <div class="product_my_leaflet">
                                


    
                                
        
        <div class="save_item_content nologin_save_item  "
             data-idf="product_discounts_44512">
			<span class="link_content">
                
    <span class="spinner-absolute spinner-btn no_content hdn"><span class="js-loader"></span></span>

                <a data-rustmp="1" data-action="click" data-fn="rusInit" href="#"
                   aria-label="Přidat produkt do oblíbených - nutné přihlášení uživatele" style="line-height: 0;"
                   class="toggle_saved_item btn btn_default top_link link_heart " data-idf="product_discounts_44512" data-type="product"
                   data-item="44512"><span>Přidat produkt do oblíbených</span></a>
			</span>
                            <span class="saved_item_text">
                                                            Zapněte si oblíbené a upozorníme vás na novou akci
                                    		    </span>
                    </div>
                                </div>

                                                                                        <div id="price_44512" class="avg_price inactive">Běžná cena: <span>0,00</span>&nbsp;Kč</div>
                            
                        </div>
                    </div>
                </div>
            </div>

            <div class="clear"></div>
                                    
    
<div class="relative product_discounts product_discounts_overview" id="product_44512">
    <table class="wide discounts_table">

                            
                        
                                        
            <tr data-product="44512" data-discount="5130368" class="log_discount discount_row only_discount" data-key="0.5-l" id="discount_5130368">
                <td width="60" class="text-left discounts_shop_image">
                                            <a href="/letaky/lidl" class="product_link_history" data-product="pivo-psenicne-svetle-wheat-beer-harboe" title="Lidl leták">
                            <img src="https://img.kupi.cz/kupi/thumbs/loga_shopy/lidl_80.png" alt="Lidl leták" width="50">
                        </a>
                                    </td>

                <td class="discounts_shop_info">
                    <span class="discounts_shop_name">
                        <a href="/letaky/lidl" class="product_link_history" data-product="pivo-psenicne-svetle-wheat-beer-harboe" title="Lidl">
                            <span>
                                                                    Lidl
                                                                                                                                                                            </span>
                        </a>

                                                                    </span>

                    
                                            <div class="discounts_markets">
                                                            <a href="/obchod/lidl/lidl-kurim" title="Lidl" data-shop="Lidl" class="product_link_history" data-product="pivo-psenicne-svetle-wheat-beer-harboe">platí pro 21 nejbližších poboček</a>
                                                    </div>
                                    </td>

                <td class="text-left discounts_price">
                    <span class="discount_price_label">cena</span>
                    <div class="left">
                        <strong class="discount_price_value">14,90&nbsp;Kč</strong>
                    </div>

                                            <div class="discount_amount left">
                            &nbsp;/&nbsp;0.5 l                        </div>
                    
                    
                    <div class="clear"></div>

                    <span style="font-size: 12px;">
                                                                                                29,80&nbsp;Kč&nbsp;/&nbsp;1&nbsp;l                                                                                    </span>

                    
                                            <div class="discount_note">
                            plech                        </div>
                                    </td>

                <td class="text-left discounts_validity valid_discount">
                                                                        dnes končí
                                                            </td>

                <td class="discounts_list_add">

                                            <div class="add_list_wrap">
                        


    
                                
        
        <div class="save_item_content nologin_save_item icon_only "
             data-idf="product_discounts_44512">
			<span class="link_content">
                
    <span class="spinner-absolute spinner-btn no_content hdn"><span class="js-loader"></span></span>

                <a data-rustmp="1" data-action="click" data-fn="rusInit" href="#"
                   aria-label="Přidat produkt do oblíbených - nutné přihlášení uživatele" style="line-height: 0;"
                   class="toggle_saved_item btn btn_default top_link link_heart " data-idf="product_discounts_44512" data-type="product"
                   data-item="44512"><span>Přidat produkt do oblíbených</span></a>
			</span>
                    </div>
                            </div>
                    
                                            <a data-product-id="44512" href="#5130368" role="button" aria-label="Přidat Pivo pšeničné světlé Wheat Beer Harboe do nákupního seznamu" data-shop="6" data-price="14.9" data-product="Pivo pšeničné světlé Wheat Beer Harboe" class="btn btn_colored btn_list_add no_login">Přidat</a>
                                    </td>
            </tr>
                        </table>
    
    <div class="discounts_show_all_shops only_discount" data-product="44512" style="display: none;">
        <a role="button" href="#44512" class="purple_link discount_all_shops only_discount">Další obchody (<span>-3</span>)</a>
    </div>
</div>

    <div class="product_price_from">
        od <strong>14,90&nbsp;Kč</strong>
    </div>
                            <div class="clear"></div>
        </div>

        
        
        
    

    
        <div class="group_discounts active" data-page="5">
            <div class="absolute product_target" id="314462" style="top: -80px;"></div>

            <div class="product_image">
                <a href="/sleva/pivo-ochucene-radler-harboe" title="Pivo ochucené Radler Harboe" aria-hidden="true" tabindex="-1" class="open_detail" class="product_link_history" data-product-id="314462" data-product="pivo-ochucene-radler-harboe">
                    <img src="/img/no_img/no_discounts.png"
                         data-src="https://img.kupi.cz/kupi/thumbs/pivo-ochucene-radler-harboe_box_120_140.jpg"
                         alt="Pivo ochucené Radler Harboe">
                </a>
                <span class="label-supplement">ilustrační obrázek</span>
            </div>

            <div class="relative product_discounts">
                <div class="wide left">
                    <div class="relative product_name_around" style="margin-right: 32px;">
                        <div data-product="314462" class="log_product product_name wide">
                            <h2>
                                <a title="Pivo ochucené Radler Harboe" aria-label="Pivo ochucené Radler Harboe v akci za 10,90 Kč" href="/sleva/pivo-ochucene-radler-harboe" class="product_link_history" data-product="pivo-ochucene-radler-harboe">
                                    <strong>Pivo ochucené Radler Harboe</strong>
                                </a>

                                <span class="nowrap">
                                                                                                                                                                        <span>0.5 l</span>
                                                                                                                        
                                                                    </span>
                            </h2>

                            <div class="product_my_leaflet">
                                


    
                                
        
        <div class="save_item_content nologin_save_item  "
             data-idf="product_discounts_314462">
			<span class="link_content">
                
    <span class="spinner-absolute spinner-btn no_content hdn"><span class="js-loader"></span></span>

                <a data-rustmp="1" data-action="click" data-fn="rusInit" href="#"
                   aria-label="Přidat produkt do oblíbených - nutné přihlášení uživatele" style="line-height: 0;"
                   class="toggle_saved_item btn btn_default top_link link_heart " data-idf="product_discounts_314462" data-type="product"
                   data-item="314462"><span>Přidat produkt do oblíbených</span></a>
			</span>
                            <span class="saved_item_text">
                                                            Zapněte si oblíbené a upozorníme vás na novou akci
                                    		    </span>
                    </div>
                                </div>

                                                                                        <div id="price_314462" class="avg_price inactive">Běžná cena: <span>0,00</span>&nbsp;Kč</div>
                            
                        </div>
                    </div>
                </div>
            </div>

            <div class="clear"></div>
                                    
    
<div class="relative product_discounts product_discounts_overview" id="product_314462">
    <table class="wide discounts_table">

                            
                        
                                        
            <tr data-product="314462" data-discount="5130362" class="log_discount discount_row only_discount" data-key="0.5-l" id="discount_5130362">
                <td width="60" class="text-left discounts_shop_image">
                                            <a href="/letaky/lidl" class="product_link_history" data-product="pivo-ochucene-radler-harboe" title="Lidl leták">
                            <img src="https://img.kupi.cz/kupi/thumbs/loga_shopy/lidl_80.png" alt="Lidl leták" width="50">
                        </a>
                                    </td>

                <td class="discounts_shop_info">
                    <span class="discounts_shop_name">
                        <a href="/letaky/lidl" class="product_link_history" data-product="pivo-ochucene-radler-harboe" title="Lidl">
                            <span>
                                                                    Lidl
                                                                                                                                                                            </span>
                        </a>

                                                                    </span>

                    
                                            <div class="discounts_markets">
                                                            <a href="/obchod/lidl/lidl-kurim" title="Lidl" data-shop="Lidl" class="product_link_history" data-product="pivo-ochucene-radler-harboe">platí pro 21 nejbližších poboček</a>
                                                    </div>
                                    </td>

                <td class="text-left discounts_price">
                    <span class="discount_price_label">cena</span>
                    <div class="left">
                        <strong class="discount_price_value">10,90&nbsp;Kč</strong>
                    </div>

                                            <div class="discount_amount left">
                            &nbsp;/&nbsp;0.5 l                        </div>
                    
                    
                    <div class="clear"></div>

                    <span style="font-size: 12px;">
                                                                                                21,80&nbsp;Kč&nbsp;/&nbsp;1&nbsp;l                                                                                    </span>

                    
                                            <div class="discount_note">
                            plech                        </div>
                                    </td>

                <td class="text-left discounts_validity valid_discount">
                                                                        dnes končí
                                                            </td>

                <td class="discounts_list_add">

                                            <div class="add_list_wrap">
                        


    
                                
        
        <div class="save_item_content nologin_save_item icon_only "
             data-idf="product_discounts_314462">
			<span class="link_content">
                
    <span class="spinner-absolute spinner-btn no_content hdn"><span class="js-loader"></span></span>

                <a data-rustmp="1" data-action="click" data-fn="rusInit" href="#"
                   aria-label="Přidat produkt do oblíbených - nutné přihlášení uživatele" style="line-height: 0;"
                   class="toggle_saved_item btn btn_default top_link link_heart " data-idf="product_discounts_314462" data-type="product"
                   data-item="314462"><span>Přidat produkt do oblíbených</span></a>
			</span>
                    </div>
                            </div>
                    
                                            <a data-product-id="314462" href="#5130362" role="button" aria-label="Přidat Pivo ochucené Radler Harboe do nákupního seznamu" data-shop="6" data-price="10.9" data-product="Pivo ochucené Radler Harboe" class="btn btn_colored btn_list_add no_login">Přidat</a>
                                    </td>
            </tr>
                        </table>
    
    <div class="discounts_show_all_shops only_discount" data-product="314462" style="display: none;">
        <a role="button" href="#314462" class="purple_link discount_all_shops only_discount">Další obchody (<span>-3</span>)</a>
    </div>
</div>

    <div class="product_price_from">
        od <strong>10,90&nbsp;Kč</strong>
    </div>
                            <div class="clear"></div>
        </div>

        
        
            
                <div class="position_wrap">
                                            <div class="ssp_middle" data-sssp="ssp_middle_txt" data-device="desktop"></div>
            

                </div>

            
        
        
    

    
        <div class="group_discounts active" data-page="5">
            <div class="absolute product_target" id="368054" style="top: -80px;"></div>

            <div class="product_image">
                <a href="/sleva/pivo-tmavy-lezak-premium-litovel" title="Pivo tmavý ležák Premium Litovel" aria-hidden="true" tabindex="-1" class="open_detail" class="product_link_history" data-product-id="368054" data-product="pivo-tmavy-lezak-premium-litovel">
                    <img src="/img/no_img/no_discounts.png"
                         data-src="https://img.kupi.cz/kupi/thumbs/pivo-stmavy-lezak-premium-litovel_box_120_140.png"
                         alt="Pivo tmavý ležák Premium Litovel">
                </a>
                <span class="label-supplement">ilustrační obrázek</span>
            </div>

            <div class="relative product_discounts">
                <div class="wide left">
                    <div class="relative product_name_around" style="margin-right: 32px;">
                        <div data-product="368054" class="log_product product_name wide">
                            <h2>
                                <a title="Pivo tmavý ležák Premium Litovel" aria-label="Pivo tmavý ležák Premium Litovel v akci za 13,90 Kč" href="/sleva/pivo-tmavy-lezak-premium-litovel" class="product_link_history" data-product="pivo-tmavy-lezak-premium-litovel">
                                    <strong>Pivo tmavý ležák Premium Litovel</strong>
                                </a>

                                <span class="nowrap">
                                                                                                                                                                        <span>0.5 l</span>
                                                                                                                        
                                                                    </span>
                            </h2>

                            <div class="product_my_leaflet">
                                


    
                                
        
        <div class="save_item_content nologin_save_item  "
             data-idf="product_discounts_368054">
			<span class="link_content">
                
    <span class="spinner-absolute spinner-btn no_content hdn"><span class="js-loader"></span></span>

                <a data-rustmp="1" data-action="click" data-fn="rusInit" href="#"
                   aria-label="Přidat produkt do oblíbených - nutné přihlášení uživatele" style="line-height: 0;"
                   class="toggle_saved_item btn btn_default top_link link_heart " data-idf="product_discounts_368054" data-type="product"
                   data-item="368054"><span>Přidat produkt do oblíbených</span></a>
			</span>
                            <span class="saved_item_text">
                                                            Zapněte si oblíbené a upozorníme vás na novou akci
                                    		    </span>
                    </div>
                                </div>

                                                                                        <div id="price_368054" class="avg_price inactive">Běžná cena: <span>0,00</span>&nbsp;Kč</div>
                            
                        </div>
                    </div>
                </div>
            </div>

            <div class="clear"></div>
                                    
    
<div class="relative product_discounts product_discounts_overview" id="product_368054">
    <table class="wide discounts_table">

                            
                        
                                        
            <tr data-product="368054" data-discount="5100922" class="log_discount discount_row only_discount" data-key="0.5-l" id="discount_5100922">
                <td width="60" class="text-left discounts_shop_image">
                                            <a href="/letaky/cba" class="product_link_history" data-product="pivo-tmavy-lezak-premium-litovel" title="CBA leták">
                            <img src="https://img.kupi.cz/kupi/thumbs/loga_shopy/cba_80.png" alt="CBA leták" width="50">
                        </a>
                                    </td>

                <td class="discounts_shop_info">
                    <span class="discounts_shop_name">
                        <a href="/letaky/cba" class="product_link_history" data-product="pivo-tmavy-lezak-premium-litovel" title="CBA">
                            <span>
                                                                    CBA
                                                                                                                                                                            </span>
                        </a>

                                                                    </span>

                    
                                            <div class="discounts_markets">
                                                            <a href="/obchod/cba/bacom-s-r-o-potraviny-5" title="CBA" data-shop="CBA" class="product_link_history" data-product="pivo-tmavy-lezak-premium-litovel">platí pro 8 nejbližších poboček</a>
                                                    </div>
                                    </td>

                <td class="text-left discounts_price">
                    <span class="discount_price_label">cena</span>
                    <div class="left">
                        <strong class="discount_price_value">13,90&nbsp;Kč</strong>
                    </div>

                                            <div class="discount_amount left">
                            &nbsp;/&nbsp;0.5 l                        </div>
                    
                    
                    <div class="clear"></div>

                    <span style="font-size: 12px;">
                                                                                                27,80&nbsp;Kč&nbsp;/&nbsp;1&nbsp;l                                                                                    </span>

                    
                                            <div class="discount_note">
                            +3 Kč záloha na láhev, pouze ve vybraných prodejnách                        </div>
                                    </td>

                <td class="text-left discounts_validity valid_discount">
                                                                        dnes končí
                                                            </td>

                <td class="discounts_list_add">

                                            <div class="add_list_wrap">
                        


    
                                
        
        <div class="save_item_content nologin_save_item icon_only "
             data-idf="product_discounts_368054">
			<span class="link_content">
                
    <span class="spinner-absolute spinner-btn no_content hdn"><span class="js-loader"></span></span>

                <a data-rustmp="1" data-action="click" data-fn="rusInit" href="#"
                   aria-label="Přidat produkt do oblíbených - nutné přihlášení uživatele" style="line-height: 0;"
                   class="toggle_saved_item btn btn_default top_link link_heart " data-idf="product_discounts_368054" data-type="product"
                   data-item="368054"><span>Přidat produkt do oblíbených</span></a>
			</span>
                    </div>
                            </div>
                    
                                            <a data-product-id="368054" href="#5100922" role="button" aria-label="Přidat Pivo tmavý ležák Premium Litovel do nákupního seznamu" data-shop="257" data-price="13.9" data-product="Pivo tmavý ležák Premium Litovel" class="btn btn_colored btn_list_add no_login">Přidat</a>
                                    </td>
            </tr>
                        </table>
    
    <div class="discounts_show_all_shops only_discount" data-product="368054" style="display: none;">
        <a role="button" href="#368054" class="purple_link discount_all_shops only_discount">Další obchody (<span>-3</span>)</a>
    </div>
</div>

    <div class="product_price_from">
        od <strong>13,90&nbsp;Kč</strong>
    </div>
                            <div class="clear"></div>
        </div>

        
        
        
    

    
        <div class="group_discounts active" data-page="5">
            <div class="absolute product_target" id="401224" style="top: -80px;"></div>

            <div class="product_image">
                <a href="/sleva/pivo-svetly-lezak-nastro-azzuro-peroni" title="Pivo světlý ležák Nastro Azzuro Peroni" aria-hidden="true" tabindex="-1" class="open_detail" class="product_link_history" data-product-id="401224" data-product="pivo-svetly-lezak-nastro-azzuro-peroni">
                    <img src="/img/no_img/no_discounts.png"
                         data-src="https://img.kupi.cz/kupi/thumbs/pivo-svetly-lezak-nastro-azzuro-peroni_box_120_140.jpg"
                         alt="Pivo světlý ležák Nastro Azzuro Peroni">
                </a>
                <span class="label-supplement">ilustrační obrázek</span>
            </div>

            <div class="relative product_discounts">
                <div class="wide left">
                    <div class="relative product_name_around" style="margin-right: 32px;">
                        <div data-product="401224" class="log_product product_name wide">
                            <h2>
                                <a title="Pivo světlý ležák Nastro Azzuro Peroni" aria-label="Pivo světlý ležák Nastro Azzuro Peroni v akci za 16,90 Kč" href="/sleva/pivo-svetly-lezak-nastro-azzuro-peroni" class="product_link_history" data-product="pivo-svetly-lezak-nastro-azzuro-peroni">
                                    <strong>Pivo světlý ležák Nastro Azzuro Peroni</strong>
                                </a>

                                <span class="nowrap">
                                                                                                                                                                        <span>0.33 l</span>
                                                                                                                        
                                                                    </span>
                            </h2>

                            <div class="product_my_leaflet">
                                


    
                                
        
        <div class="save_item_content nologin_save_item  "
             data-idf="product_discounts_401224">
			<span class="link_content">
                
    <span class="spinner-absolute spinner-btn no_content hdn"><span class="js-loader"></span></span>

                <a data-rustmp="1" data-action="click" data-fn="rusInit" href="#"
                   aria-label="Přidat produkt do oblíbených - nutné přihlášení uživatele" style="line-height: 0;"
                   class="toggle_saved_item btn btn_default top_link link_heart " data-idf="product_discounts_401224" data-type="product"
                   data-item="401224"><span>Přidat produkt do oblíbených</span></a>
			</span>
                            <span class="saved_item_text">
                                                            Zapněte si oblíbené a upozorníme vás na novou akci
                                    		    </span>
                    </div>
                                </div>

                                                                                        <div id="price_401224" class="avg_price">Běžná cena: <span>22,90</span>&nbsp;Kč</div>
                            
                        </div>
                    </div>
                </div>
            </div>

            <div class="clear"></div>
                                    
    
<div class="relative product_discounts product_discounts_overview" id="product_401224">
    <table class="wide discounts_table">

                            
                        
                                        
            <tr data-product="401224" data-discount="5111122" class="log_discount discount_row only_discount" data-key="0.33-l" id="discount_5111122">
                <td width="60" class="text-left discounts_shop_image">
                                            <a href="/letaky/jip" class="product_link_history" data-product="pivo-svetly-lezak-nastro-azzuro-peroni" title="JIP leták">
                            <img src="https://img.kupi.cz/kupi/thumbs/loga_shopy/jip-1_80.png" alt="JIP leták" width="50">
                        </a>
                                    </td>

                <td class="discounts_shop_info">
                    <span class="discounts_shop_name">
                        <a href="/letaky/jip" class="product_link_history" data-product="pivo-svetly-lezak-nastro-azzuro-peroni" title="JIP">
                            <span>
                                                                    JIP
                                                                                                                                                                            </span>
                        </a>

                                                                    </span>

                    
                                            <div class="discounts_markets">
                                                            <a href="/obchod/jip/jip-brno-herspicka" title="JIP" data-shop="JIP" class="product_link_history" data-product="pivo-svetly-lezak-nastro-azzuro-peroni">platí pro 1 nejbližší pobočku</a>
                                                    </div>
                                    </td>

                <td class="text-left discounts_price">
                    <span class="discount_price_label">cena</span>
                    <div class="left">
                        <strong class="discount_price_value">16,90&nbsp;Kč</strong>
                    </div>

                                            <div class="discount_amount left">
                            &nbsp;/&nbsp;0.33 l                        </div>
                    
                    
                    <div class="clear"></div>

                    <span style="font-size: 12px;">
                                                                                                51,21&nbsp;Kč&nbsp;/&nbsp;1&nbsp;l                                                                                    </span>

                    
                                    </td>

                <td class="text-left discounts_validity valid_discount">
                                                                        zítra končí
                                                            </td>

                <td class="discounts_list_add">

                                            <div class="add_list_wrap">
                        


    
                                
        
        <div class="save_item_content nologin_save_item icon_only "
             data-idf="product_discounts_401224">
			<span class="link_content">
                
    <span class="spinner-absolute spinner-btn no_content hdn"><span class="js-loader"></span></span>

                <a data-rustmp="1" data-action="click" data-fn="rusInit" href="#"
                   aria-label="Přidat produkt do oblíbených - nutné přihlášení uživatele" style="line-height: 0;"
                   class="toggle_saved_item btn btn_default top_link link_heart " data-idf="product_discounts_401224" data-type="product"
                   data-item="401224"><span>Přidat produkt do oblíbených</span></a>
			</span>
                    </div>
                            </div>
                    
                                            <a data-product-id="401224" href="#5111122" role="button" aria-label="Přidat Pivo světlý ležák Nastro Azzuro Peroni do nákupního seznamu" data-shop="271" data-price="16.9" data-product="Pivo světlý ležák Nastro Azzuro Peroni" class="btn btn_colored btn_list_add no_login">Přidat</a>
                                    </td>
            </tr>
                        </table>
    
    <div class="discounts_show_all_shops only_discount" data-product="401224" style="display: none;">
        <a role="button" href="#401224" class="purple_link discount_all_shops only_discount">Další obchody (<span>-3</span>)</a>
    </div>
</div>

    <div class="product_price_from">
        od <strong>16,90&nbsp;Kč</strong>
    </div>
                            <div class="clear"></div>
        </div>

        
        
        
    

    
        <div class="group_discounts active" data-page="5">
            <div class="absolute product_target" id="163706" style="top: -80px;"></div>

            <div class="product_image">
                <a href="/sleva/pivo-svetly-lezak-thajske-singha" title="Pivo světlý ležák thajské Singha" aria-hidden="true" tabindex="-1" class="open_detail" class="product_link_history" data-product-id="163706" data-product="pivo-svetly-lezak-thajske-singha">
                    <img src="/img/no_img/no_discounts.png"
                         data-src="https://img.kupi.cz/kupi/thumbs/pivo-svetle-thajske-singha_box_120_140.jpg"
                         alt="Pivo světlý ležák thajské Singha">
                </a>
                <span class="label-supplement">ilustrační obrázek</span>
            </div>

            <div class="relative product_discounts">
                <div class="wide left">
                    <div class="relative product_name_around" style="margin-right: 32px;">
                        <div data-product="163706" class="log_product product_name wide">
                            <h2>
                                <a title="Pivo světlý ležák thajské Singha" aria-label="Pivo světlý ležák thajské Singha v akci za 30,13 Kč" href="/sleva/pivo-svetly-lezak-thajske-singha" class="product_link_history" data-product="pivo-svetly-lezak-thajske-singha">
                                    <strong>Pivo světlý ležák thajské Singha</strong>
                                </a>

                                <span class="nowrap">
                                                                                                                                                                        <span>0.33 l</span>
                                                                                                                        
                                                                    </span>
                            </h2>

                            <div class="product_my_leaflet">
                                


    
                                
        
        <div class="save_item_content nologin_save_item  "
             data-idf="product_discounts_163706">
			<span class="link_content">
                
    <span class="spinner-absolute spinner-btn no_content hdn"><span class="js-loader"></span></span>

                <a data-rustmp="1" data-action="click" data-fn="rusInit" href="#"
                   aria-label="Přidat produkt do oblíbených - nutné přihlášení uživatele" style="line-height: 0;"
                   class="toggle_saved_item btn btn_default top_link link_heart " data-idf="product_discounts_163706" data-type="product"
                   data-item="163706"><span>Přidat produkt do oblíbených</span></a>
			</span>
                            <span class="saved_item_text">
                                                            Zapněte si oblíbené a upozorníme vás na novou akci
                                    		    </span>
                    </div>
                                </div>

                                                                                        <div id="price_163706" class="avg_price inactive">Běžná cena: <span>0,00</span>&nbsp;Kč</div>
                            
                        </div>
                    </div>
                </div>
            </div>

            <div class="clear"></div>
                                    
    
<div class="relative product_discounts product_discounts_overview" id="product_163706">
    <table class="wide discounts_table">

                            
                        
                                        
            <tr data-product="163706" data-discount="5118503" class="log_discount discount_row only_discount" data-key="0.33-l" id="discount_5118503">
                <td width="60" class="text-left discounts_shop_image">
                                            <a href="/letaky/makro" class="product_link_history" data-product="pivo-svetly-lezak-thajske-singha" title="Makro leták">
                            <img src="https://img.kupi.cz/kupi/thumbs/loga_shopy/makro_80.png" alt="Makro leták" width="50">
                        </a>
                                    </td>

                <td class="discounts_shop_info">
                    <span class="discounts_shop_name">
                        <a href="/letaky/makro" class="product_link_history" data-product="pivo-svetly-lezak-thajske-singha" title="Makro">
                            <span>
                                                                    Makro
                                                                                                                                                                            </span>
                        </a>

                                                                    </span>

                    
                                            <div class="discounts_markets">
                                                            <a href="/obchod/makro/makro-brno-turany" title="Makro" data-shop="Makro" class="product_link_history" data-product="pivo-svetly-lezak-thajske-singha">platí pro 1 nejbližší pobočku</a>
                                                    </div>
                                    </td>

                <td class="text-left discounts_price">
                    <span class="discount_price_label">cena</span>
                    <div class="left">
                        <strong class="discount_price_value">30,13&nbsp;Kč</strong>
                    </div>

                                            <div class="discount_amount left">
                            &nbsp;/&nbsp;0.33 l                        </div>
                    
                    
                    <div class="clear"></div>

                    <span style="font-size: 12px;">
                                                                                                91,30&nbsp;Kč&nbsp;/&nbsp;1&nbsp;l                                                                                    </span>

                    
                                            <div class="discount_note">
                            akční cena pouze při zakoupení 6x 0,33 l                        </div>
                                    </td>

                <td class="text-left discounts_validity valid_discount">
                                                                        platí do úterý <span style="white-space: nowrap;">13. 9. </span>
                                                            </td>

                <td class="discounts_list_add">

                                            <div class="add_list_wrap">
                        


    
                                
        
        <div class="save_item_content nologin_save_item icon_only "
             data-idf="product_discounts_163706">
			<span class="link_content">
                
    <span class="spinner-absolute spinner-btn no_content hdn"><span class="js-loader"></span></span>

                <a data-rustmp="1" data-action="click" data-fn="rusInit" href="#"
                   aria-label="Přidat produkt do oblíbených - nutné přihlášení uživatele" style="line-height: 0;"
                   class="toggle_saved_item btn btn_default top_link link_heart " data-idf="product_discounts_163706" data-type="product"
                   data-item="163706"><span>Přidat produkt do oblíbených</span></a>
			</span>
                    </div>
                            </div>
                    
                                            <a data-product-id="163706" href="#5118503" role="button" aria-label="Přidat Pivo světlý ležák thajské Singha do nákupního seznamu" data-shop="20" data-price="30.13" data-product="Pivo světlý ležák thajské Singha" class="btn btn_colored btn_list_add no_login">Přidat</a>
                                    </td>
            </tr>
                        </table>
    
    <div class="discounts_show_all_shops only_discount" data-product="163706" style="display: none;">
        <a role="button" href="#163706" class="purple_link discount_all_shops only_discount">Další obchody (<span>-3</span>)</a>
    </div>
</div>

    <div class="product_price_from">
        od <strong>30,13&nbsp;Kč</strong>
    </div>
                            <div class="clear"></div>
        </div>

        
        
        
    

    
        <div class="group_discounts active" data-page="5">
            <div class="absolute product_target" id="361282" style="top: -80px;"></div>

            <div class="product_image">
                <a href="/sleva/pivo-svetly-lezak-xi-rebel-pivovar-havlickuv-brod" title="Pivo světlý ležák XI Rebel Pivovar Havlíčkův Brod" aria-hidden="true" tabindex="-1" class="open_detail" class="product_link_history" data-product-id="361282" data-product="pivo-svetly-lezak-xi-rebel-pivovar-havlickuv-brod">
                    <img src="/img/no_img/no_discounts.png"
                         data-src="https://img.kupi.cz/kupi/thumbs/pivo-svetly-lezak-xi-rebel-pivovar-havlickuv-brod_box_120_140.jpg"
                         alt="Pivo světlý ležák XI Rebel Pivovar Havlíčkův Brod">
                </a>
                <span class="label-supplement">ilustrační obrázek</span>
            </div>

            <div class="relative product_discounts">
                <div class="wide left">
                    <div class="relative product_name_around" style="margin-right: 32px;">
                        <div data-product="361282" class="log_product product_name wide">
                            <h2>
                                <a title="Pivo světlý ležák XI Rebel Pivovar Havlíčkův Brod" aria-label="Pivo světlý ležák XI Rebel Pivovar Havlíčkův Brod v akci za 13,90 Kč" href="/sleva/pivo-svetly-lezak-xi-rebel-pivovar-havlickuv-brod" class="product_link_history" data-product="pivo-svetly-lezak-xi-rebel-pivovar-havlickuv-brod">
                                    <strong>Pivo světlý ležák XI Rebel Pivovar Havlíčkův Brod</strong>
                                </a>

                                <span class="nowrap">
                                                                                                                                                                        <span>0.5 l</span>
                                                                                                                        
                                                                    </span>
                            </h2>

                            <div class="product_my_leaflet">
                                


    
                                
        
        <div class="save_item_content nologin_save_item  "
             data-idf="product_discounts_361282">
			<span class="link_content">
                
    <span class="spinner-absolute spinner-btn no_content hdn"><span class="js-loader"></span></span>

                <a data-rustmp="1" data-action="click" data-fn="rusInit" href="#"
                   aria-label="Přidat produkt do oblíbených - nutné přihlášení uživatele" style="line-height: 0;"
                   class="toggle_saved_item btn btn_default top_link link_heart " data-idf="product_discounts_361282" data-type="product"
                   data-item="361282"><span>Přidat produkt do oblíbených</span></a>
			</span>
                            <span class="saved_item_text">
                                                            Zapněte si oblíbené a upozorníme vás na novou akci
                                    		    </span>
                    </div>
                                </div>

                                                                                        <div id="price_361282" class="avg_price inactive">Běžná cena: <span>0,00</span>&nbsp;Kč</div>
                            
                        </div>
                    </div>
                </div>
            </div>

            <div class="clear"></div>
                                    
    
<div class="relative product_discounts product_discounts_overview" id="product_361282">
    <table class="wide discounts_table">

                            
                        
                                        
            <tr data-product="361282" data-discount="5128667" class="log_discount discount_row only_discount" data-key="0.5-l" id="discount_5128667">
                <td width="60" class="text-left discounts_shop_image">
                                            <a href="/letaky/billa" class="product_link_history" data-product="pivo-svetly-lezak-xi-rebel-pivovar-havlickuv-brod" title="BILLA leták">
                            <img src="https://img.kupi.cz/kupi/thumbs/loga_shopy/billa_80.png" alt="BILLA leták" width="50">
                        </a>
                                    </td>

                <td class="discounts_shop_info">
                    <span class="discounts_shop_name">
                        <a href="/letaky/billa" class="product_link_history" data-product="pivo-svetly-lezak-xi-rebel-pivovar-havlickuv-brod" title="BILLA">
                            <span>
                                                                    BILLA
                                                                                                                                                                            </span>
                        </a>

                                                                    </span>

                    
                                            <div class="discounts_markets">
                                                            <a href="/obchod/billa/billa-brno-podperova" title="BILLA" data-shop="BILLA" class="product_link_history" data-product="pivo-svetly-lezak-xi-rebel-pivovar-havlickuv-brod">platí pro 14 nejbližších poboček</a>
                                                    </div>
                                    </td>

                <td class="text-left discounts_price">
                    <span class="discount_price_label">cena</span>
                    <div class="left">
                        <strong class="discount_price_value">13,90&nbsp;Kč</strong>
                    </div>

                                            <div class="discount_amount left">
                            &nbsp;/&nbsp;0.5 l                        </div>
                    
                    
                    <div class="clear"></div>

                    <span style="font-size: 12px;">
                                                                                                27,80&nbsp;Kč&nbsp;/&nbsp;1&nbsp;l                                                                                    </span>

                    
                                            <div class="discount_note">
                            plech                        </div>
                                    </td>

                <td class="text-left discounts_validity valid_discount">
                                                                        platí do neděle <span style="white-space: nowrap;">25. 9. </span>
                                                            </td>

                <td class="discounts_list_add">

                                            <div class="add_list_wrap">
                        


    
                                
        
        <div class="save_item_content nologin_save_item icon_only "
             data-idf="product_discounts_361282">
			<span class="link_content">
                
    <span class="spinner-absolute spinner-btn no_content hdn"><span class="js-loader"></span></span>

                <a data-rustmp="1" data-action="click" data-fn="rusInit" href="#"
                   aria-label="Přidat produkt do oblíbených - nutné přihlášení uživatele" style="line-height: 0;"
                   class="toggle_saved_item btn btn_default top_link link_heart " data-idf="product_discounts_361282" data-type="product"
                   data-item="361282"><span>Přidat produkt do oblíbených</span></a>
			</span>
                    </div>
                            </div>
                    
                                            <a data-product-id="361282" href="#5128667" role="button" aria-label="Přidat Pivo světlý ležák XI Rebel Pivovar Havlíčkův Brod do nákupního seznamu" data-shop="5" data-price="13.9" data-product="Pivo světlý ležák XI Rebel Pivovar Havlíčkův Brod" class="btn btn_colored btn_list_add no_login">Přidat</a>
                                    </td>
            </tr>
                        </table>
    
    <div class="discounts_show_all_shops only_discount" data-product="361282" style="display: none;">
        <a role="button" href="#361282" class="purple_link discount_all_shops only_discount">Další obchody (<span>-3</span>)</a>
    </div>
</div>

    <div class="product_price_from">
        od <strong>13,90&nbsp;Kč</strong>
    </div>
                            <div class="clear"></div>
        </div>

        
        
        
    

    
        <div class="group_discounts active" data-page="5">
            <div class="absolute product_target" id="411785" style="top: -80px;"></div>

            <div class="product_image">
                <a href="/sleva/pivo-my-price" title="Pivo My Price" aria-hidden="true" tabindex="-1" class="open_detail" class="product_link_history" data-product-id="411785" data-product="pivo-my-price">
                    <img src="/img/no_img/no_discounts.png"
                         data-src="https://img.kupi.cz/kupi/thumbs/pivo-my-price_box_120_140.png"
                         alt="Pivo My Price">
                </a>
                <span class="label-supplement">ilustrační obrázek</span>
            </div>

            <div class="relative product_discounts">
                <div class="wide left">
                    <div class="relative product_name_around" style="margin-right: 32px;">
                        <div data-product="411785" class="log_product product_name wide">
                            <h2>
                                <a title="Pivo My Price" aria-label="Pivo My Price v akci za 14,90 Kč" href="/sleva/pivo-my-price" class="product_link_history" data-product="pivo-my-price">
                                    <strong>Pivo My Price</strong>
                                </a>

                                <span class="nowrap">
                                                                                                                                                                        <span>0.5 l</span>
                                                                                                                        
                                                                    </span>
                            </h2>

                            <div class="product_my_leaflet">
                                


    
                                
        
        <div class="save_item_content nologin_save_item  "
             data-idf="product_discounts_411785">
			<span class="link_content">
                
    <span class="spinner-absolute spinner-btn no_content hdn"><span class="js-loader"></span></span>

                <a data-rustmp="1" data-action="click" data-fn="rusInit" href="#"
                   aria-label="Přidat produkt do oblíbených - nutné přihlášení uživatele" style="line-height: 0;"
                   class="toggle_saved_item btn btn_default top_link link_heart " data-idf="product_discounts_411785" data-type="product"
                   data-item="411785"><span>Přidat produkt do oblíbených</span></a>
			</span>
                            <span class="saved_item_text">
                                                            Zapněte si oblíbené a upozorníme vás na novou akci
                                    		    </span>
                    </div>
                                </div>

                                                                                        <div id="price_411785" class="avg_price">Běžná cena: <span>14,90</span>&nbsp;Kč</div>
                            
                        </div>
                    </div>
                </div>
            </div>

            <div class="clear"></div>
                                    
    
<div class="relative product_discounts product_discounts_overview" id="product_411785">
    <table class="wide discounts_table">

                            
                        
                                        
            <tr data-product="411785" data-discount="5141576" class="log_discount discount_row only_discount" data-key="0.5-l" id="discount_5141576">
                <td width="60" class="text-left discounts_shop_image">
                                            <a href="/letaky/globus" class="product_link_history" data-product="pivo-my-price" title="Globus leták">
                            <img src="https://img.kupi.cz/kupi/thumbs/loga_shopy/globus_80.png" alt="Globus leták" width="50">
                        </a>
                                    </td>

                <td class="discounts_shop_info">
                    <span class="discounts_shop_name">
                        <a href="/letaky/globus" class="product_link_history" data-product="pivo-my-price" title="Globus">
                            <span>
                                                                    Globus
                                                                                                                                                                            </span>
                        </a>

                                                                    </span>

                    
                                            <div class="discounts_markets">
                                                            <a href="/obchod/globus/globus-brno-ivanovice" title="Globus" data-shop="Globus" class="product_link_history" data-product="pivo-my-price">platí pro 1 nejbližší pobočku</a>
                                                    </div>
                                    </td>

                <td class="text-left discounts_price">
                    <span class="discount_price_label">cena</span>
                    <div class="left">
                        <strong class="discount_price_value">14,90&nbsp;Kč</strong>
                    </div>

                                            <div class="discount_amount left">
                            &nbsp;/&nbsp;0.5 l                        </div>
                    
                    
                    <div class="clear"></div>

                    <span style="font-size: 12px;">
                                                                                                29,80&nbsp;Kč&nbsp;/&nbsp;1&nbsp;l                                                                                    </span>

                    
                                            <div class="discount_note">
                            plech                        </div>
                                    </td>

                <td class="text-left discounts_validity valid_discount">
                                                                        platí do středy <span style="white-space: nowrap;">21. 9. </span>
                                                            </td>

                <td class="discounts_list_add">

                                            <div class="add_list_wrap">
                        


    
                                
        
        <div class="save_item_content nologin_save_item icon_only "
             data-idf="product_discounts_411785">
			<span class="link_content">
                
    <span class="spinner-absolute spinner-btn no_content hdn"><span class="js-loader"></span></span>

                <a data-rustmp="1" data-action="click" data-fn="rusInit" href="#"
                   aria-label="Přidat produkt do oblíbených - nutné přihlášení uživatele" style="line-height: 0;"
                   class="toggle_saved_item btn btn_default top_link link_heart " data-idf="product_discounts_411785" data-type="product"
                   data-item="411785"><span>Přidat produkt do oblíbených</span></a>
			</span>
                    </div>
                            </div>
                    
                                            <a data-product-id="411785" href="#5141576" role="button" aria-label="Přidat Pivo My Price do nákupního seznamu" data-shop="27" data-price="14.9" data-product="Pivo My Price" class="btn btn_colored btn_list_add no_login">Přidat</a>
                                    </td>
            </tr>
                        </table>
    
    <div class="discounts_show_all_shops only_discount" data-product="411785" style="display: none;">
        <a role="button" href="#411785" class="purple_link discount_all_shops only_discount">Další obchody (<span>-3</span>)</a>
    </div>
</div>

    <div class="product_price_from">
        od <strong>14,90&nbsp;Kč</strong>
    </div>
                            <div class="clear"></div>
        </div>

        
        
        
    

    
        <div class="group_discounts active" data-page="5">
            <div class="absolute product_target" id="411806" style="top: -80px;"></div>

            <div class="product_image">
                <a href="/sleva/pivo-nealkoholicke-my-price" title="Pivo nealkoholické My Price" aria-hidden="true" tabindex="-1" class="open_detail" class="product_link_history" data-product-id="411806" data-product="pivo-nealkoholicke-my-price">
                    <img src="/img/no_img/no_discounts.png"
                         data-src="https://img.kupi.cz/kupi/thumbs/pivo-nealkoholicke-my-price_box_120_140.png"
                         alt="Pivo nealkoholické My Price">
                </a>
                <span class="label-supplement">ilustrační obrázek</span>
            </div>

            <div class="relative product_discounts">
                <div class="wide left">
                    <div class="relative product_name_around" style="margin-right: 32px;">
                        <div data-product="411806" class="log_product product_name wide">
                            <h2>
                                <a title="Pivo nealkoholické My Price" aria-label="Pivo nealkoholické My Price v akci za 10,90 Kč" href="/sleva/pivo-nealkoholicke-my-price" class="product_link_history" data-product="pivo-nealkoholicke-my-price">
                                    <strong>Pivo nealkoholické My Price</strong>
                                </a>

                                <span class="nowrap">
                                                                                                                                                                        <span>0.5 l</span>
                                                                                                                        
                                                                    </span>
                            </h2>

                            <div class="product_my_leaflet">
                                


    
                                
        
        <div class="save_item_content nologin_save_item  "
             data-idf="product_discounts_411806">
			<span class="link_content">
                
    <span class="spinner-absolute spinner-btn no_content hdn"><span class="js-loader"></span></span>

                <a data-rustmp="1" data-action="click" data-fn="rusInit" href="#"
                   aria-label="Přidat produkt do oblíbených - nutné přihlášení uživatele" style="line-height: 0;"
                   class="toggle_saved_item btn btn_default top_link link_heart " data-idf="product_discounts_411806" data-type="product"
                   data-item="411806"><span>Přidat produkt do oblíbených</span></a>
			</span>
                            <span class="saved_item_text">
                                                            Zapněte si oblíbené a upozorníme vás na novou akci
                                    		    </span>
                    </div>
                                </div>

                                                                                        <div id="price_411806" class="avg_price">Běžná cena: <span>10,90</span>&nbsp;Kč</div>
                            
                        </div>
                    </div>
                </div>
            </div>

            <div class="clear"></div>
                                    
    
<div class="relative product_discounts product_discounts_overview" id="product_411806">
    <table class="wide discounts_table">

                            
                        
                                        
            <tr data-product="411806" data-discount="5143469" class="log_discount discount_row only_discount" data-key="0.5-l" id="discount_5143469">
                <td width="60" class="text-left discounts_shop_image">
                                            <a href="/letaky/globus" class="product_link_history" data-product="pivo-nealkoholicke-my-price" title="Globus leták">
                            <img src="https://img.kupi.cz/kupi/thumbs/loga_shopy/globus_80.png" alt="Globus leták" width="50">
                        </a>
                                    </td>

                <td class="discounts_shop_info">
                    <span class="discounts_shop_name">
                        <a href="/letaky/globus" class="product_link_history" data-product="pivo-nealkoholicke-my-price" title="Globus">
                            <span>
                                                                    Globus
                                                                                                                                                                            </span>
                        </a>

                                                                    </span>

                    
                                            <div class="discounts_markets">
                                                            <a href="/obchod/globus/globus-brno-ivanovice" title="Globus" data-shop="Globus" class="product_link_history" data-product="pivo-nealkoholicke-my-price">platí pro 1 nejbližší pobočku</a>
                                                    </div>
                                    </td>

                <td class="text-left discounts_price">
                    <span class="discount_price_label">cena</span>
                    <div class="left">
                        <strong class="discount_price_value">10,90&nbsp;Kč</strong>
                    </div>

                                            <div class="discount_amount left">
                            &nbsp;/&nbsp;0.5 l                        </div>
                    
                    
                    <div class="clear"></div>

                    <span style="font-size: 12px;">
                                                                                                21,80&nbsp;Kč&nbsp;/&nbsp;1&nbsp;l                                                                                    </span>

                    
                                            <div class="discount_note">
                            plech                        </div>
                                    </td>

                <td class="text-left discounts_validity valid_discount">
                                                                        platí do středy <span style="white-space: nowrap;">21. 9. </span>
                                                            </td>

                <td class="discounts_list_add">

                                            <div class="add_list_wrap">
                        


    
                                
        
        <div class="save_item_content nologin_save_item icon_only "
             data-idf="product_discounts_411806">
			<span class="link_content">
                
    <span class="spinner-absolute spinner-btn no_content hdn"><span class="js-loader"></span></span>

                <a data-rustmp="1" data-action="click" data-fn="rusInit" href="#"
                   aria-label="Přidat produkt do oblíbených - nutné přihlášení uživatele" style="line-height: 0;"
                   class="toggle_saved_item btn btn_default top_link link_heart " data-idf="product_discounts_411806" data-type="product"
                   data-item="411806"><span>Přidat produkt do oblíbených</span></a>
			</span>
                    </div>
                            </div>
                    
                                            <a data-product-id="411806" href="#5143469" role="button" aria-label="Přidat Pivo nealkoholické My Price do nákupního seznamu" data-shop="27" data-price="10.9" data-product="Pivo nealkoholické My Price" class="btn btn_colored btn_list_add no_login">Přidat</a>
                                    </td>
            </tr>
                        </table>
    
    <div class="discounts_show_all_shops only_discount" data-product="411806" style="display: none;">
        <a role="button" href="#411806" class="purple_link discount_all_shops only_discount">Další obchody (<span>-3</span>)</a>
    </div>
</div>

    <div class="product_price_from">
        od <strong>10,90&nbsp;Kč</strong>
    </div>
                            <div class="clear"></div>
        </div>

        
        
        
    

    
        <div class="group_discounts active" data-page="5">
            <div class="absolute product_target" id="625" style="top: -80px;"></div>

            <div class="product_image">
                <a href="/sleva/nealkoholicke-pivo-birell" title="Nealkoholické pivo Birell" aria-hidden="true" tabindex="-1" class="open_detail" class="product_link_history" data-product-id="625" data-product="nealkoholicke-pivo-birell">
                    <img src="/img/no_img/no_discounts.png"
                         data-src="https://img.kupi.cz/kupi/thumbs/nealkoholicke-pivo-birell_box_120_140.png"
                         alt="Nealkoholické pivo Birell">
                </a>
                <span class="label-supplement">ilustrační obrázek</span>
            </div>

            <div class="relative product_discounts">
                <div class="wide left">
                    <div class="relative product_name_around" style="margin-right: 32px;">
                        <div data-product="625" class="log_product product_name wide">
                            <h2>
                                <a title="Nealkoholické pivo Birell" aria-label="Nealkoholické pivo Birell v akci za 10,90 Kč" href="/sleva/nealkoholicke-pivo-birell" class="product_link_history" data-product="nealkoholicke-pivo-birell">
                                    <strong>Nealkoholické pivo Birell</strong>
                                </a>

                                <span class="nowrap">
                                    
                                                                    </span>
                            </h2>

                            <div class="product_my_leaflet">
                                


    
                                
        
        <div class="save_item_content nologin_save_item  "
             data-idf="product_discounts_625">
			<span class="link_content">
                
    <span class="spinner-absolute spinner-btn no_content hdn"><span class="js-loader"></span></span>

                <a data-rustmp="1" data-action="click" data-fn="rusInit" href="#"
                   aria-label="Přidat produkt do oblíbených - nutné přihlášení uživatele" style="line-height: 0;"
                   class="toggle_saved_item btn btn_default top_link link_heart " data-idf="product_discounts_625" data-type="product"
                   data-item="625"><span>Přidat produkt do oblíbených</span></a>
			</span>
                            <span class="saved_item_text">
                                                            Zapněte si oblíbené a upozorníme vás na novou akci
                                    		    </span>
                    </div>
                                </div>

                                                            <div class="product_amount_list" role="menu">
                                    <a aria-checked="true" aria-label="Filtr balení: zobrazit vše " href="#" role="menuitemradio" data-price="0" class="btn_amount" data-product="625" data-key="vse">Vše</a>
                                                                            <a aria-checked="false" aria-label="Filtr balení: 0.33 l" href="#" role="menuitemradio" data-price="0" class="btn_amount in_active" data-product="625" data-key="0.33-l">0.33 l</a>
                                                                            <a aria-checked="false" aria-label="Filtr balení: 0.5 l" href="#" role="menuitemradio" data-price="17,41" class="btn_amount in_active last" data-product="625" data-key="0.5-l">0.5 l</a>
                                                                    </div>
                                                                                        <div id="price_625" class="avg_price inactive">Běžná cena: <span>17,41</span>&nbsp;Kč</div>
                            
                        </div>
                    </div>
                </div>
            </div>

            <div class="clear"></div>
                                    
    
<div class="relative product_discounts product_discounts_overview" id="product_625">
    <table class="wide discounts_table">

                            
                        
                                        
            <tr data-product="625" data-discount="5143808" class="log_discount discount_row only_discount" data-key="0.5-l" id="discount_5143808">
                <td width="60" class="text-left discounts_shop_image">
                                            <a href="/letaky/penny-market" class="product_link_history" data-product="nealkoholicke-pivo-birell" title="Penny Market leták">
                            <img src="https://img.kupi.cz/kupi/thumbs/loga_shopy/penny-market_80.png" alt="Penny Market leták" width="50">
                        </a>
                                    </td>

                <td class="discounts_shop_info">
                    <span class="discounts_shop_name">
                        <a href="/letaky/penny-market" class="product_link_history" data-product="nealkoholicke-pivo-birell" title="Penny Market">
                            <span>
                                                                    Penny Market
                                                                                                                                                                            </span>
                        </a>

                                                                    </span>

                    
                                            <div class="discounts_markets">
                                                            <a href="/obchod/penny-market/penny-market-kurim" title="Penny Market" data-shop="Penny Market" class="product_link_history" data-product="nealkoholicke-pivo-birell">platí pro 21 nejbližších poboček</a>
                                                    </div>
                                    </td>

                <td class="text-left discounts_price">
                    <span class="discount_price_label">cena</span>
                    <div class="left">
                        <strong class="discount_price_value">10,90&nbsp;Kč</strong>
                    </div>

                                            <div class="discount_amount left">
                            &nbsp;/&nbsp;0.5 l                        </div>
                    
                    
                    <div class="clear"></div>

                    <span style="font-size: 12px;">
                                                                                                21,80&nbsp;Kč&nbsp;/&nbsp;1&nbsp;l                                                                                    </span>

                    
                                            <div class="discount_note">
                            světlé, +3 Kč záloha na láhev, do vyprodání zásob                        </div>
                                    </td>

                <td class="text-left discounts_validity valid_discount">
                                                                        platí do středy <span style="white-space: nowrap;">14. 9. </span>
                                                            </td>

                <td class="discounts_list_add">

                                            <div class="add_list_wrap">
                        


    
                                
        
        <div class="save_item_content nologin_save_item icon_only "
             data-idf="product_discounts_625">
			<span class="link_content">
                
    <span class="spinner-absolute spinner-btn no_content hdn"><span class="js-loader"></span></span>

                <a data-rustmp="1" data-action="click" data-fn="rusInit" href="#"
                   aria-label="Přidat produkt do oblíbených - nutné přihlášení uživatele" style="line-height: 0;"
                   class="toggle_saved_item btn btn_default top_link link_heart " data-idf="product_discounts_625" data-type="product"
                   data-item="625"><span>Přidat produkt do oblíbených</span></a>
			</span>
                    </div>
                            </div>
                    
                                            <a data-product-id="625" href="#5143808" role="button" aria-label="Přidat Nealkoholické pivo Birell do nákupního seznamu" data-shop="7" data-price="10.9" data-product="Nealkoholické pivo Birell" class="btn btn_colored btn_list_add no_login">Přidat</a>
                                    </td>
            </tr>
                    
            
            <tr data-product="625" data-discount="5148635" class="log_discount discount_row only_discount" data-key="0.5-l" id="discount_5148635">
                <td width="60" class="text-left discounts_shop_image">
                                            <a href="/letaky/lidl" class="product_link_history" data-product="nealkoholicke-pivo-birell" title="Lidl leták">
                            <img src="https://img.kupi.cz/kupi/thumbs/loga_shopy/lidl_80.png" alt="Lidl leták" width="50">
                        </a>
                                    </td>

                <td class="discounts_shop_info">
                    <span class="discounts_shop_name">
                        <a href="/letaky/lidl" class="product_link_history" data-product="nealkoholicke-pivo-birell" title="Lidl">
                            <span>
                                                                    Lidl
                                                                                                                                                                            </span>
                        </a>

                                                                    </span>

                    
                                            <div class="discounts_markets">
                                                            <a href="/obchod/lidl/lidl-kurim" title="Lidl" data-shop="Lidl" class="product_link_history" data-product="nealkoholicke-pivo-birell">platí pro 21 nejbližších poboček</a>
                                                    </div>
                                    </td>

                <td class="text-left discounts_price price_future_discount">
                    <span class="discount_price_label">cena</span>
                    <div class="left">
                        <strong class="discount_price_value">10,90&nbsp;Kč</strong>
                    </div>

                                            <div class="discount_amount left">
                            &nbsp;/&nbsp;0.5 l                        </div>
                    
                    
                    <div class="clear"></div>

                    <span style="font-size: 12px;">
                                                                                                21,80&nbsp;Kč&nbsp;/&nbsp;1&nbsp;l                                                                                    </span>

                    
                                            <div class="discount_note">
                            světlé, +3 Kč záloha na láhev                        </div>
                                    </td>

                <td class="text-left discounts_validity">
                                                                        po 12. 9.  &ndash; ne 18. 9. 
                                                            </td>

                <td class="discounts_list_add">

                                            <div class="add_list_wrap">
                        


    
                                
        
        <div class="save_item_content nologin_save_item icon_only "
             data-idf="product_discounts_625">
			<span class="link_content">
                
    <span class="spinner-absolute spinner-btn no_content hdn"><span class="js-loader"></span></span>

                <a data-rustmp="1" data-action="click" data-fn="rusInit" href="#"
                   aria-label="Přidat produkt do oblíbených - nutné přihlášení uživatele" style="line-height: 0;"
                   class="toggle_saved_item btn btn_default top_link link_heart " data-idf="product_discounts_625" data-type="product"
                   data-item="625"><span>Přidat produkt do oblíbených</span></a>
			</span>
                    </div>
                            </div>
                    
                                            <a data-product-id="625" href="#5148635" role="button" aria-label="Přidat Nealkoholické pivo Birell do nákupního seznamu" data-shop="6" data-price="10.9" data-product="Nealkoholické pivo Birell" class="btn btn_colored btn_list_add no_login">Přidat</a>
                                    </td>
            </tr>
                    
            
            <tr data-product="625" data-discount="5143454" class="log_discount discount_row only_discount" data-key="0.5-l" id="discount_5143454">
                <td width="60" class="text-left discounts_shop_image">
                                            <a href="/letaky/globus" class="product_link_history" data-product="nealkoholicke-pivo-birell" title="Globus leták">
                            <img src="https://img.kupi.cz/kupi/thumbs/loga_shopy/globus_80.png" alt="Globus leták" width="50">
                        </a>
                                    </td>

                <td class="discounts_shop_info">
                    <span class="discounts_shop_name">
                        <a href="/letaky/globus" class="product_link_history" data-product="nealkoholicke-pivo-birell" title="Globus">
                            <span>
                                                                    Globus
                                                                                                                                                                            </span>
                        </a>

                                                                    </span>

                    
                                            <div class="discounts_markets">
                                                            <a href="/obchod/globus/globus-brno-ivanovice" title="Globus" data-shop="Globus" class="product_link_history" data-product="nealkoholicke-pivo-birell">platí pro 1 nejbližší pobočku</a>
                                                    </div>
                                    </td>

                <td class="text-left discounts_price">
                    <span class="discount_price_label">cena</span>
                    <div class="left">
                        <strong class="discount_price_value">11,90&nbsp;Kč</strong>
                    </div>

                                            <div class="discount_amount left">
                            &nbsp;/&nbsp;0.5 l                        </div>
                    
                                            <div class="discount_percentage">&ndash;25&nbsp;%</div>
                    
                    <div class="clear"></div>

                    <span style="font-size: 12px;">
                                                                                                23,80&nbsp;Kč&nbsp;/&nbsp;1&nbsp;l                                                                                    </span>

                    
                                            <div class="discount_note">
                            světlé, +3 Kč záloha na láhev                        </div>
                                    </td>

                <td class="text-left discounts_validity valid_discount">
                                                                        platí do středy <span style="white-space: nowrap;">21. 9. </span>
                                                            </td>

                <td class="discounts_list_add">

                                            <div class="add_list_wrap">
                        


    
                                
        
        <div class="save_item_content nologin_save_item icon_only "
             data-idf="product_discounts_625">
			<span class="link_content">
                
    <span class="spinner-absolute spinner-btn no_content hdn"><span class="js-loader"></span></span>

                <a data-rustmp="1" data-action="click" data-fn="rusInit" href="#"
                   aria-label="Přidat produkt do oblíbených - nutné přihlášení uživatele" style="line-height: 0;"
                   class="toggle_saved_item btn btn_default top_link link_heart " data-idf="product_discounts_625" data-type="product"
                   data-item="625"><span>Přidat produkt do oblíbených</span></a>
			</span>
                    </div>
                            </div>
                    
                                            <a data-product-id="625" href="#5143454" role="button" aria-label="Přidat Nealkoholické pivo Birell do nákupního seznamu" data-shop="27" data-price="11.9" data-product="Nealkoholické pivo Birell" class="btn btn_colored btn_list_add no_login">Přidat</a>
                                    </td>
            </tr>
                    
            
            <tr data-product="625" data-discount="5111068" class="log_discount discount_row only_discount" data-key="0.5-l" id="discount_5111068">
                <td width="60" class="text-left discounts_shop_image">
                                            <a href="/letaky/jip" class="product_link_history" data-product="nealkoholicke-pivo-birell" title="JIP leták">
                            <img src="https://img.kupi.cz/kupi/thumbs/loga_shopy/jip-1_80.png" alt="JIP leták" width="50">
                        </a>
                                    </td>

                <td class="discounts_shop_info">
                    <span class="discounts_shop_name">
                        <a href="/letaky/jip" class="product_link_history" data-product="nealkoholicke-pivo-birell" title="JIP">
                            <span>
                                                                    JIP
                                                                                                                                                                            </span>
                        </a>

                                                                    </span>

                    
                                            <div class="discounts_markets">
                                                            <a href="/obchod/jip/jip-brno-herspicka" title="JIP" data-shop="JIP" class="product_link_history" data-product="nealkoholicke-pivo-birell">platí pro 1 nejbližší pobočku</a>
                                                    </div>
                                    </td>

                <td class="text-left discounts_price">
                    <span class="discount_price_label">cena</span>
                    <div class="left">
                        <strong class="discount_price_value">11,90&nbsp;Kč</strong>
                    </div>

                                            <div class="discount_amount left">
                            &nbsp;/&nbsp;0.5 l                        </div>
                    
                    
                    <div class="clear"></div>

                    <span style="font-size: 12px;">
                                                                                                23,80&nbsp;Kč&nbsp;/&nbsp;1&nbsp;l                                                                                    </span>

                    
                                            <div class="discount_note">
                            světlé, +3 Kč záloha na láhev                        </div>
                                    </td>

                <td class="text-left discounts_validity valid_discount">
                                                                        zítra končí
                                                            </td>

                <td class="discounts_list_add">

                                            <div class="add_list_wrap">
                        


    
                                
        
        <div class="save_item_content nologin_save_item icon_only "
             data-idf="product_discounts_625">
			<span class="link_content">
                
    <span class="spinner-absolute spinner-btn no_content hdn"><span class="js-loader"></span></span>

                <a data-rustmp="1" data-action="click" data-fn="rusInit" href="#"
                   aria-label="Přidat produkt do oblíbených - nutné přihlášení uživatele" style="line-height: 0;"
                   class="toggle_saved_item btn btn_default top_link link_heart " data-idf="product_discounts_625" data-type="product"
                   data-item="625"><span>Přidat produkt do oblíbených</span></a>
			</span>
                    </div>
                            </div>
                    
                                            <a data-product-id="625" href="#5111068" role="button" aria-label="Přidat Nealkoholické pivo Birell do nákupního seznamu" data-shop="271" data-price="11.9" data-product="Nealkoholické pivo Birell" class="btn btn_colored btn_list_add no_login">Přidat</a>
                                    </td>
            </tr>
                    
            
            <tr data-product="625" data-discount="5137850" class="log_discount discount_row only_discount hidden_discount" data-key="0.5-l" id="discount_5137850">
                <td width="60" class="text-left discounts_shop_image">
                                            <a href="/letaky/eso-market" class="product_link_history" data-product="nealkoholicke-pivo-birell" title="ESO MARKET leták">
                            <img src="https://img.kupi.cz/kupi/thumbs/loga_shopy/eso-market-1_80.png" alt="ESO MARKET leták" width="50">
                        </a>
                                    </td>

                <td class="discounts_shop_info">
                    <span class="discounts_shop_name">
                        <a href="/letaky/eso-market" class="product_link_history" data-product="nealkoholicke-pivo-birell" title="ESO MARKET">
                            <span>
                                                                    ESO MARKET
                                                                                                                                                                            </span>
                        </a>

                                                                    </span>

                    
                                            <div class="discounts_markets">
                                                            <a href="/obchod/eso-market/eso-market-brno-vavrinecka" title="ESO MARKET" data-shop="ESO MARKET" class="product_link_history" data-product="nealkoholicke-pivo-birell">platí pro 8 nejbližších poboček</a>
                                                    </div>
                                    </td>

                <td class="text-left discounts_price">
                    <span class="discount_price_label">cena</span>
                    <div class="left">
                        <strong class="discount_price_value">13,90&nbsp;Kč</strong>
                    </div>

                                            <div class="discount_amount left">
                            &nbsp;/&nbsp;0.5 l                        </div>
                    
                    
                    <div class="clear"></div>

                    <span style="font-size: 12px;">
                                                                                                27,80&nbsp;Kč&nbsp;/&nbsp;1&nbsp;l                                                                                    </span>

                    
                                            <div class="discount_note">
                            světlé, +3 Kč záloha na láhev                        </div>
                                    </td>

                <td class="text-left discounts_validity valid_discount">
                                                                        platí do neděle <span style="white-space: nowrap;">18. 9. </span>
                                                            </td>

                <td class="discounts_list_add">

                                            <div class="add_list_wrap">
                        


    
                                
        
        <div class="save_item_content nologin_save_item icon_only "
             data-idf="product_discounts_625">
			<span class="link_content">
                
    <span class="spinner-absolute spinner-btn no_content hdn"><span class="js-loader"></span></span>

                <a data-rustmp="1" data-action="click" data-fn="rusInit" href="#"
                   aria-label="Přidat produkt do oblíbených - nutné přihlášení uživatele" style="line-height: 0;"
                   class="toggle_saved_item btn btn_default top_link link_heart " data-idf="product_discounts_625" data-type="product"
                   data-item="625"><span>Přidat produkt do oblíbených</span></a>
			</span>
                    </div>
                            </div>
                    
                                            <a data-product-id="625" href="#5137850" role="button" aria-label="Přidat Nealkoholické pivo Birell do nákupního seznamu" data-shop="274" data-price="13.9" data-product="Nealkoholické pivo Birell" class="btn btn_colored btn_list_add no_login">Přidat</a>
                                    </td>
            </tr>
                    
            
            <tr data-product="625" data-discount="5111116" class="log_discount discount_row only_discount hidden_discount" data-key="0.33-l" id="discount_5111116">
                <td width="60" class="text-left discounts_shop_image">
                                            <a href="/letaky/jip" class="product_link_history" data-product="nealkoholicke-pivo-birell" title="JIP leták">
                            <img src="https://img.kupi.cz/kupi/thumbs/loga_shopy/jip-1_80.png" alt="JIP leták" width="50">
                        </a>
                                    </td>

                <td class="discounts_shop_info">
                    <span class="discounts_shop_name">
                        <a href="/letaky/jip" class="product_link_history" data-product="nealkoholicke-pivo-birell" title="JIP">
                            <span>
                                                                    JIP
                                                                                                                                                                            </span>
                        </a>

                                                                    </span>

                    
                                            <div class="discounts_markets">
                                                            <a href="/obchod/jip/jip-brno-herspicka" title="JIP" data-shop="JIP" class="product_link_history" data-product="nealkoholicke-pivo-birell">platí pro 1 nejbližší pobočku</a>
                                                    </div>
                                    </td>

                <td class="text-left discounts_price">
                    <span class="discount_price_label">cena</span>
                    <div class="left">
                        <strong class="discount_price_value">10,90&nbsp;Kč</strong>
                    </div>

                                            <div class="discount_amount left">
                            &nbsp;/&nbsp;0.33 l                        </div>
                    
                    
                    <div class="clear"></div>

                    <span style="font-size: 12px;">
                                                                                                33,03&nbsp;Kč&nbsp;/&nbsp;1&nbsp;l                                                                                    </span>

                    
                                            <div class="discount_note">
                            světlé, +3 Kč záloha na láhev                        </div>
                                    </td>

                <td class="text-left discounts_validity valid_discount">
                                                                        zítra končí
                                                            </td>

                <td class="discounts_list_add">

                                            <div class="add_list_wrap">
                        


    
                                
        
        <div class="save_item_content nologin_save_item icon_only "
             data-idf="product_discounts_625">
			<span class="link_content">
                
    <span class="spinner-absolute spinner-btn no_content hdn"><span class="js-loader"></span></span>

                <a data-rustmp="1" data-action="click" data-fn="rusInit" href="#"
                   aria-label="Přidat produkt do oblíbených - nutné přihlášení uživatele" style="line-height: 0;"
                   class="toggle_saved_item btn btn_default top_link link_heart " data-idf="product_discounts_625" data-type="product"
                   data-item="625"><span>Přidat produkt do oblíbených</span></a>
			</span>
                    </div>
                            </div>
                    
                                            <a data-product-id="625" href="#5111116" role="button" aria-label="Přidat Nealkoholické pivo Birell do nákupního seznamu" data-shop="271" data-price="10.9" data-product="Nealkoholické pivo Birell" class="btn btn_colored btn_list_add no_login">Přidat</a>
                                    </td>
            </tr>
                    
            
            <tr data-product="625" data-discount="5111146" class="log_discount discount_row only_discount hidden_discount" data-key="0.33-l" id="discount_5111146">
                <td width="60" class="text-left discounts_shop_image">
                                            <a href="/letaky/jip" class="product_link_history" data-product="nealkoholicke-pivo-birell" title="JIP leták">
                            <img src="https://img.kupi.cz/kupi/thumbs/loga_shopy/jip-1_80.png" alt="JIP leták" width="50">
                        </a>
                                    </td>

                <td class="discounts_shop_info">
                    <span class="discounts_shop_name">
                        <a href="/letaky/jip" class="product_link_history" data-product="nealkoholicke-pivo-birell" title="JIP">
                            <span>
                                                                    JIP
                                                                                                                                                                            </span>
                        </a>

                                                                    </span>

                    
                                            <div class="discounts_markets">
                                                            <a href="/obchod/jip/jip-brno-herspicka" title="JIP" data-shop="JIP" class="product_link_history" data-product="nealkoholicke-pivo-birell">platí pro 1 nejbližší pobočku</a>
                                                    </div>
                                    </td>

                <td class="text-left discounts_price">
                    <span class="discount_price_label">cena</span>
                    <div class="left">
                        <strong class="discount_price_value">15,90&nbsp;Kč</strong>
                    </div>

                                            <div class="discount_amount left">
                            &nbsp;/&nbsp;0.33 l                        </div>
                    
                    
                    <div class="clear"></div>

                    <span style="font-size: 12px;">
                                                                                                48,18&nbsp;Kč&nbsp;/&nbsp;1&nbsp;l                                                                                    </span>

                    
                                            <div class="discount_note">
                            světlé, plech                        </div>
                                    </td>

                <td class="text-left discounts_validity valid_discount">
                                                                        zítra končí
                                                            </td>

                <td class="discounts_list_add">

                                            <div class="add_list_wrap">
                        


    
                                
        
        <div class="save_item_content nologin_save_item icon_only "
             data-idf="product_discounts_625">
			<span class="link_content">
                
    <span class="spinner-absolute spinner-btn no_content hdn"><span class="js-loader"></span></span>

                <a data-rustmp="1" data-action="click" data-fn="rusInit" href="#"
                   aria-label="Přidat produkt do oblíbených - nutné přihlášení uživatele" style="line-height: 0;"
                   class="toggle_saved_item btn btn_default top_link link_heart " data-idf="product_discounts_625" data-type="product"
                   data-item="625"><span>Přidat produkt do oblíbených</span></a>
			</span>
                    </div>
                            </div>
                    
                                            <a data-product-id="625" href="#5111146" role="button" aria-label="Přidat Nealkoholické pivo Birell do nákupního seznamu" data-shop="271" data-price="15.9" data-product="Nealkoholické pivo Birell" class="btn btn_colored btn_list_add no_login">Přidat</a>
                                    </td>
            </tr>
                        </table>
    
    <div class="discounts_show_all_shops only_discount" data-product="625">
        <a role="button" href="#625" class="purple_link discount_all_shops only_discount">Další obchody (<span>3</span>)</a>
    </div>
</div>

    <div class="product_price_from">
        od <strong>10,90&nbsp;Kč</strong>
    </div>
                            <div class="clear"></div>
        </div>

        
        
        
    

    
        <div class="group_discounts active" data-page="5">
            <div class="absolute product_target" id="15053" style="top: -80px;"></div>

            <div class="product_image">
                <a href="/sleva/nealkoholicke-pivo-ochucene-birell" title="Nealkoholické pivo ochucené Birell" aria-hidden="true" tabindex="-1" class="open_detail" class="product_link_history" data-product-id="15053" data-product="nealkoholicke-pivo-ochucene-birell">
                    <img src="/img/no_img/no_discounts.png"
                         data-src="https://img.kupi.cz/kupi/thumbs/nealkoholicke-pivo-ochucene-birell-1_box_120_140.jpg"
                         alt="Nealkoholické pivo ochucené Birell">
                </a>
                <span class="label-supplement">ilustrační obrázek</span>
            </div>

            <div class="relative product_discounts">
                <div class="wide left">
                    <div class="relative product_name_around" style="margin-right: 32px;">
                        <div data-product="15053" class="log_product product_name wide">
                            <h2>
                                <a title="Nealkoholické pivo ochucené Birell" aria-label="Nealkoholické pivo ochucené Birell v akci za 14,89 Kč" href="/sleva/nealkoholicke-pivo-ochucene-birell" class="product_link_history" data-product="nealkoholicke-pivo-ochucene-birell">
                                    <strong>Nealkoholické pivo ochucené Birell</strong>
                                </a>

                                <span class="nowrap">
                                                                                                                                                                        <span>0.5 l</span>
                                                                                                                        
                                                                    </span>
                            </h2>

                            <div class="product_my_leaflet">
                                


    
                                
        
        <div class="save_item_content nologin_save_item  "
             data-idf="product_discounts_15053">
			<span class="link_content">
                
    <span class="spinner-absolute spinner-btn no_content hdn"><span class="js-loader"></span></span>

                <a data-rustmp="1" data-action="click" data-fn="rusInit" href="#"
                   aria-label="Přidat produkt do oblíbených - nutné přihlášení uživatele" style="line-height: 0;"
                   class="toggle_saved_item btn btn_default top_link link_heart " data-idf="product_discounts_15053" data-type="product"
                   data-item="15053"><span>Přidat produkt do oblíbených</span></a>
			</span>
                            <span class="saved_item_text">
                                                            Zapněte si oblíbené a upozorníme vás na novou akci
                                    		    </span>
                    </div>
                                </div>

                                                                                        <div id="price_15053" class="avg_price">Běžná cena: <span>20,26</span>&nbsp;Kč</div>
                            
                        </div>
                    </div>
                </div>
            </div>

            <div class="clear"></div>
                                    
    
<div class="relative product_discounts product_discounts_overview" id="product_15053">
    <table class="wide discounts_table">

                            
                        
                                        
            <tr data-product="15053" data-discount="5118530" class="log_discount discount_row only_discount" data-key="0.5-l" id="discount_5118530">
                <td width="60" class="text-left discounts_shop_image">
                                            <a href="/letaky/makro" class="product_link_history" data-product="nealkoholicke-pivo-ochucene-birell" title="Makro leták">
                            <img src="https://img.kupi.cz/kupi/thumbs/loga_shopy/makro_80.png" alt="Makro leták" width="50">
                        </a>
                                    </td>

                <td class="discounts_shop_info">
                    <span class="discounts_shop_name">
                        <a href="/letaky/makro" class="product_link_history" data-product="nealkoholicke-pivo-ochucene-birell" title="Makro">
                            <span>
                                                                    Makro
                                                                                                                                                                            </span>
                        </a>

                                                                    </span>

                    
                                            <div class="discounts_markets">
                                                            <a href="/obchod/makro/makro-brno-turany" title="Makro" data-shop="Makro" class="product_link_history" data-product="nealkoholicke-pivo-ochucene-birell">platí pro 1 nejbližší pobočku</a>
                                                    </div>
                                    </td>

                <td class="text-left discounts_price">
                    <span class="discount_price_label">cena</span>
                    <div class="left">
                        <strong class="discount_price_value">14,89&nbsp;Kč</strong>
                    </div>

                                            <div class="discount_amount left">
                            &nbsp;/&nbsp;0.5 l                        </div>
                    
                    
                    <div class="clear"></div>

                    <span style="font-size: 12px;">
                                                                                                29,78&nbsp;Kč&nbsp;/&nbsp;1&nbsp;l                                                                                    </span>

                    
                                            <div class="discount_note">
                            různé druhy, plech, akční cena pouze při zakoupení 2 balení 6x (4x 0,5 l), 4x (6x 0,5 l), druhy lze kombinovat, akce není platná pro zákazníky makro Distribuce                        </div>
                                    </td>

                <td class="text-left discounts_validity valid_discount">
                                                                        platí do úterý <span style="white-space: nowrap;">13. 9. </span>
                                                            </td>

                <td class="discounts_list_add">

                                            <div class="add_list_wrap">
                        


    
                                
        
        <div class="save_item_content nologin_save_item icon_only "
             data-idf="product_discounts_15053">
			<span class="link_content">
                
    <span class="spinner-absolute spinner-btn no_content hdn"><span class="js-loader"></span></span>

                <a data-rustmp="1" data-action="click" data-fn="rusInit" href="#"
                   aria-label="Přidat produkt do oblíbených - nutné přihlášení uživatele" style="line-height: 0;"
                   class="toggle_saved_item btn btn_default top_link link_heart " data-idf="product_discounts_15053" data-type="product"
                   data-item="15053"><span>Přidat produkt do oblíbených</span></a>
			</span>
                    </div>
                            </div>
                    
                                            <a data-product-id="15053" href="#5118530" role="button" aria-label="Přidat Nealkoholické pivo ochucené Birell do nákupního seznamu" data-shop="20" data-price="14.89" data-product="Nealkoholické pivo ochucené Birell" class="btn btn_colored btn_list_add no_login">Přidat</a>
                                    </td>
            </tr>
                    
            
            <tr data-product="15053" data-discount="5132732" class="log_discount discount_row only_discount" data-key="0.5-l" id="discount_5132732">
                <td width="60" class="text-left discounts_shop_image">
                                            <a href="/letaky/albert" class="product_link_history" data-product="nealkoholicke-pivo-ochucene-birell" title="Albert leták">
                            <img src="https://img.kupi.cz/kupi/thumbs/loga_shopy/albert-hypermarket_80.png" alt="Albert leták" width="50">
                        </a>
                                    </td>

                <td class="discounts_shop_info">
                    <span class="discounts_shop_name">
                        <a href="/letaky/albert" class="product_link_history" data-product="nealkoholicke-pivo-ochucene-birell" title="Albert">
                            <span>
                                                                    Albert
                                                                                                                        hypermarket
                                                                                                                                        </span>
                        </a>

                                                                    </span>

                    
                                            <div class="discounts_markets">
                                                            <a href="/obchod/albert/albert-brno-tkalcovska" title="Albert" data-shop="Albert" class="product_link_history" data-product="nealkoholicke-pivo-ochucene-birell">platí pro 5 nejbližších poboček</a>
                                                    </div>
                                    </td>

                <td class="text-left discounts_price">
                    <span class="discount_price_label">cena</span>
                    <div class="left">
                        <strong class="discount_price_value">14,90&nbsp;Kč</strong>
                    </div>

                                            <div class="discount_amount left">
                            &nbsp;/&nbsp;0.5 l                        </div>
                    
                                            <div class="discount_percentage">&ndash;25&nbsp;%</div>
                    
                    <div class="clear"></div>

                    <span style="font-size: 12px;">
                                                                                                29,80&nbsp;Kč&nbsp;/&nbsp;1&nbsp;l                                                                                    </span>

                    
                                            <div class="discount_note">
                            vybrané druhy, plech                        </div>
                                    </td>

                <td class="text-left discounts_validity valid_discount">
                                                                        platí do úterý <span style="white-space: nowrap;">20. 9. </span>
                                                            </td>

                <td class="discounts_list_add">

                                            <div class="add_list_wrap">
                        


    
                                
        
        <div class="save_item_content nologin_save_item icon_only "
             data-idf="product_discounts_15053">
			<span class="link_content">
                
    <span class="spinner-absolute spinner-btn no_content hdn"><span class="js-loader"></span></span>

                <a data-rustmp="1" data-action="click" data-fn="rusInit" href="#"
                   aria-label="Přidat produkt do oblíbených - nutné přihlášení uživatele" style="line-height: 0;"
                   class="toggle_saved_item btn btn_default top_link link_heart " data-idf="product_discounts_15053" data-type="product"
                   data-item="15053"><span>Přidat produkt do oblíbených</span></a>
			</span>
                    </div>
                            </div>
                    
                                            <a data-product-id="15053" href="#5132732" role="button" aria-label="Přidat Nealkoholické pivo ochucené Birell do nákupního seznamu" data-shop="3" data-price="14.9" data-product="Nealkoholické pivo ochucené Birell" class="btn btn_colored btn_list_add no_login">Přidat</a>
                                    </td>
            </tr>
                    
            
            <tr data-product="15053" data-discount="5141579" class="log_discount discount_row only_discount" data-key="0.5-l" id="discount_5141579">
                <td width="60" class="text-left discounts_shop_image">
                                            <a href="/letaky/globus" class="product_link_history" data-product="nealkoholicke-pivo-ochucene-birell" title="Globus leták">
                            <img src="https://img.kupi.cz/kupi/thumbs/loga_shopy/globus_80.png" alt="Globus leták" width="50">
                        </a>
                                    </td>

                <td class="discounts_shop_info">
                    <span class="discounts_shop_name">
                        <a href="/letaky/globus" class="product_link_history" data-product="nealkoholicke-pivo-ochucene-birell" title="Globus">
                            <span>
                                                                    Globus
                                                                                                                                                                            </span>
                        </a>

                                                                    </span>

                    
                                            <div class="discounts_markets">
                                                            <a href="/obchod/globus/globus-brno-ivanovice" title="Globus" data-shop="Globus" class="product_link_history" data-product="nealkoholicke-pivo-ochucene-birell">platí pro 1 nejbližší pobočku</a>
                                                    </div>
                                    </td>

                <td class="text-left discounts_price">
                    <span class="discount_price_label">cena</span>
                    <div class="left">
                        <strong class="discount_price_value">14,90&nbsp;Kč</strong>
                    </div>

                                            <div class="discount_amount left">
                            &nbsp;/&nbsp;0.5 l                        </div>
                    
                                            <div class="discount_percentage">&ndash;25&nbsp;%</div>
                    
                    <div class="clear"></div>

                    <span style="font-size: 12px;">
                                                                                                29,80&nbsp;Kč&nbsp;/&nbsp;1&nbsp;l                                                                                    </span>

                    
                                            <div class="discount_note">
                            různé druhy, plech                        </div>
                                    </td>

                <td class="text-left discounts_validity valid_discount">
                                                                        platí do středy <span style="white-space: nowrap;">21. 9. </span>
                                                            </td>

                <td class="discounts_list_add">

                                            <div class="add_list_wrap">
                        


    
                                
        
        <div class="save_item_content nologin_save_item icon_only "
             data-idf="product_discounts_15053">
			<span class="link_content">
                
    <span class="spinner-absolute spinner-btn no_content hdn"><span class="js-loader"></span></span>

                <a data-rustmp="1" data-action="click" data-fn="rusInit" href="#"
                   aria-label="Přidat produkt do oblíbených - nutné přihlášení uživatele" style="line-height: 0;"
                   class="toggle_saved_item btn btn_default top_link link_heart " data-idf="product_discounts_15053" data-type="product"
                   data-item="15053"><span>Přidat produkt do oblíbených</span></a>
			</span>
                    </div>
                            </div>
                    
                                            <a data-product-id="15053" href="#5141579" role="button" aria-label="Přidat Nealkoholické pivo ochucené Birell do nákupního seznamu" data-shop="27" data-price="14.9" data-product="Nealkoholické pivo ochucené Birell" class="btn btn_colored btn_list_add no_login">Přidat</a>
                                    </td>
            </tr>
                    
            
            <tr data-product="15053" data-discount="5139470" class="log_discount discount_row only_discount" data-key="0.5-l" id="discount_5139470">
                <td width="60" class="text-left discounts_shop_image">
                                            <a href="/letaky/kaufland" class="product_link_history" data-product="nealkoholicke-pivo-ochucene-birell" title="Kaufland leták">
                            <img src="https://img.kupi.cz/kupi/thumbs/loga_shopy/kaufland-2_80.png" alt="Kaufland leták" width="50">
                        </a>
                                    </td>

                <td class="discounts_shop_info">
                    <span class="discounts_shop_name">
                        <a href="/letaky/kaufland" class="product_link_history" data-product="nealkoholicke-pivo-ochucene-birell" title="Kaufland">
                            <span>
                                                                    Kaufland
                                                                                                                                                                            </span>
                        </a>

                                                                    </span>

                    
                                            <div class="discounts_markets">
                                                            <a href="/obchod/kaufland/kaufland-kurim-blanenska" title="Kaufland" data-shop="Kaufland" class="product_link_history" data-product="nealkoholicke-pivo-ochucene-birell">platí pro 8 nejbližších poboček</a>
                                                    </div>
                                    </td>

                <td class="text-left discounts_price">
                    <span class="discount_price_label">cena</span>
                    <div class="left">
                        <strong class="discount_price_value">14,90&nbsp;Kč</strong>
                    </div>

                                            <div class="discount_amount left">
                            &nbsp;/&nbsp;0.5 l                        </div>
                    
                                            <div class="discount_percentage">&ndash;25&nbsp;%</div>
                    
                    <div class="clear"></div>

                    <span style="font-size: 12px;">
                                                                                                29,80&nbsp;Kč&nbsp;/&nbsp;1&nbsp;l                                                                                    </span>

                    
                                            <div class="discount_note">
                            různé druhy, plech, max 48 ks/osoba/den                        </div>
                                    </td>

                <td class="text-left discounts_validity valid_discount">
                                                                        platí do úterý <span style="white-space: nowrap;">13. 9. </span>
                                                            </td>

                <td class="discounts_list_add">

                                            <div class="add_list_wrap">
                        


    
                                
        
        <div class="save_item_content nologin_save_item icon_only "
             data-idf="product_discounts_15053">
			<span class="link_content">
                
    <span class="spinner-absolute spinner-btn no_content hdn"><span class="js-loader"></span></span>

                <a data-rustmp="1" data-action="click" data-fn="rusInit" href="#"
                   aria-label="Přidat produkt do oblíbených - nutné přihlášení uživatele" style="line-height: 0;"
                   class="toggle_saved_item btn btn_default top_link link_heart " data-idf="product_discounts_15053" data-type="product"
                   data-item="15053"><span>Přidat produkt do oblíbených</span></a>
			</span>
                    </div>
                            </div>
                    
                                            <a data-product-id="15053" href="#5139470" role="button" aria-label="Přidat Nealkoholické pivo ochucené Birell do nákupního seznamu" data-shop="4" data-price="14.9" data-product="Nealkoholické pivo ochucené Birell" class="btn btn_colored btn_list_add no_login">Přidat</a>
                                    </td>
            </tr>
                    
            
            <tr data-product="15053" data-discount="5128643" class="log_discount discount_row only_discount hidden_discount" data-key="0.5-l" id="discount_5128643">
                <td width="60" class="text-left discounts_shop_image">
                                            <a href="/letaky/billa" class="product_link_history" data-product="nealkoholicke-pivo-ochucene-birell" title="BILLA leták">
                            <img src="https://img.kupi.cz/kupi/thumbs/loga_shopy/billa_80.png" alt="BILLA leták" width="50">
                        </a>
                                    </td>

                <td class="discounts_shop_info">
                    <span class="discounts_shop_name">
                        <a href="/letaky/billa" class="product_link_history" data-product="nealkoholicke-pivo-ochucene-birell" title="BILLA">
                            <span>
                                                                    BILLA
                                                                                                                                                                            </span>
                        </a>

                                                                    </span>

                    
                                            <div class="discounts_markets">
                                                            <a href="/obchod/billa/billa-brno-podperova" title="BILLA" data-shop="BILLA" class="product_link_history" data-product="nealkoholicke-pivo-ochucene-birell">platí pro 14 nejbližších poboček</a>
                                                    </div>
                                    </td>

                <td class="text-left discounts_price">
                    <span class="discount_price_label">cena</span>
                    <div class="left">
                        <strong class="discount_price_value">14,90&nbsp;Kč</strong>
                    </div>

                                            <div class="discount_amount left">
                            &nbsp;/&nbsp;0.5 l                        </div>
                    
                    
                    <div class="clear"></div>

                    <span style="font-size: 12px;">
                                                                                                29,80&nbsp;Kč&nbsp;/&nbsp;1&nbsp;l                                                                                    </span>

                    
                                            <div class="discount_note">
                            různé druhy, plech                        </div>
                                    </td>

                <td class="text-left discounts_validity valid_discount">
                                                                        platí do neděle <span style="white-space: nowrap;">25. 9. </span>
                                                            </td>

                <td class="discounts_list_add">

                                            <div class="add_list_wrap">
                        


    
                                
        
        <div class="save_item_content nologin_save_item icon_only "
             data-idf="product_discounts_15053">
			<span class="link_content">
                
    <span class="spinner-absolute spinner-btn no_content hdn"><span class="js-loader"></span></span>

                <a data-rustmp="1" data-action="click" data-fn="rusInit" href="#"
                   aria-label="Přidat produkt do oblíbených - nutné přihlášení uživatele" style="line-height: 0;"
                   class="toggle_saved_item btn btn_default top_link link_heart " data-idf="product_discounts_15053" data-type="product"
                   data-item="15053"><span>Přidat produkt do oblíbených</span></a>
			</span>
                    </div>
                            </div>
                    
                                            <a data-product-id="15053" href="#5128643" role="button" aria-label="Přidat Nealkoholické pivo ochucené Birell do nákupního seznamu" data-shop="5" data-price="14.9" data-product="Nealkoholické pivo ochucené Birell" class="btn btn_colored btn_list_add no_login">Přidat</a>
                                    </td>
            </tr>
                    
            
            <tr data-product="15053" data-discount="5118527" class="log_discount discount_row only_discount hidden_discount" data-key="0.5-l" id="discount_5118527">
                <td width="60" class="text-left discounts_shop_image">
                                            <a href="/letaky/makro" class="product_link_history" data-product="nealkoholicke-pivo-ochucene-birell" title="Makro leták">
                            <img src="https://img.kupi.cz/kupi/thumbs/loga_shopy/makro_80.png" alt="Makro leták" width="50">
                        </a>
                                    </td>

                <td class="discounts_shop_info">
                    <span class="discounts_shop_name">
                        <a href="/letaky/makro" class="product_link_history" data-product="nealkoholicke-pivo-ochucene-birell" title="Makro">
                            <span>
                                                                    Makro
                                                                                                                                                                            </span>
                        </a>

                                                                    </span>

                    
                                            <div class="discounts_markets">
                                                            <a href="/obchod/makro/makro-brno-turany" title="Makro" data-shop="Makro" class="product_link_history" data-product="nealkoholicke-pivo-ochucene-birell">platí pro 1 nejbližší pobočku</a>
                                                    </div>
                                    </td>

                <td class="text-left discounts_price">
                    <span class="discount_price_label">cena</span>
                    <div class="left">
                        <strong class="discount_price_value">15,53&nbsp;Kč</strong>
                    </div>

                                            <div class="discount_amount left">
                            &nbsp;/&nbsp;0.5 l                        </div>
                    
                    
                    <div class="clear"></div>

                    <span style="font-size: 12px;">
                                                                                                31,06&nbsp;Kč&nbsp;/&nbsp;1&nbsp;l                                                                                    </span>

                    
                                            <div class="discount_note">
                            různé druhy, plech, akční cena pouze při zakoupení 6x (4x 0,5 l), 4x (6x 0,5 l)                        </div>
                                    </td>

                <td class="text-left discounts_validity valid_discount">
                                                                        platí do úterý <span style="white-space: nowrap;">13. 9. </span>
                                                            </td>

                <td class="discounts_list_add">

                                            <div class="add_list_wrap">
                        


    
                                
        
        <div class="save_item_content nologin_save_item icon_only "
             data-idf="product_discounts_15053">
			<span class="link_content">
                
    <span class="spinner-absolute spinner-btn no_content hdn"><span class="js-loader"></span></span>

                <a data-rustmp="1" data-action="click" data-fn="rusInit" href="#"
                   aria-label="Přidat produkt do oblíbených - nutné přihlášení uživatele" style="line-height: 0;"
                   class="toggle_saved_item btn btn_default top_link link_heart " data-idf="product_discounts_15053" data-type="product"
                   data-item="15053"><span>Přidat produkt do oblíbených</span></a>
			</span>
                    </div>
                            </div>
                    
                                            <a data-product-id="15053" href="#5118527" role="button" aria-label="Přidat Nealkoholické pivo ochucené Birell do nákupního seznamu" data-shop="20" data-price="15.53" data-product="Nealkoholické pivo ochucené Birell" class="btn btn_colored btn_list_add no_login">Přidat</a>
                                    </td>
            </tr>
                    
            
            <tr data-product="15053" data-discount="5111143" class="log_discount discount_row only_discount hidden_discount" data-key="0.5-l" id="discount_5111143">
                <td width="60" class="text-left discounts_shop_image">
                                            <a href="/letaky/jip" class="product_link_history" data-product="nealkoholicke-pivo-ochucene-birell" title="JIP leták">
                            <img src="https://img.kupi.cz/kupi/thumbs/loga_shopy/jip-1_80.png" alt="JIP leták" width="50">
                        </a>
                                    </td>

                <td class="discounts_shop_info">
                    <span class="discounts_shop_name">
                        <a href="/letaky/jip" class="product_link_history" data-product="nealkoholicke-pivo-ochucene-birell" title="JIP">
                            <span>
                                                                    JIP
                                                                                                                                                                            </span>
                        </a>

                                                                    </span>

                    
                                            <div class="discounts_markets">
                                                            <a href="/obchod/jip/jip-brno-herspicka" title="JIP" data-shop="JIP" class="product_link_history" data-product="nealkoholicke-pivo-ochucene-birell">platí pro 1 nejbližší pobočku</a>
                                                    </div>
                                    </td>

                <td class="text-left discounts_price">
                    <span class="discount_price_label">cena</span>
                    <div class="left">
                        <strong class="discount_price_value">15,90&nbsp;Kč</strong>
                    </div>

                                            <div class="discount_amount left">
                            &nbsp;/&nbsp;0.5 l                        </div>
                    
                    
                    <div class="clear"></div>

                    <span style="font-size: 12px;">
                                                                                                31,80&nbsp;Kč&nbsp;/&nbsp;1&nbsp;l                                                                                    </span>

                    
                                            <div class="discount_note">
                            různé druhy, plech                        </div>
                                    </td>

                <td class="text-left discounts_validity valid_discount">
                                                                        zítra končí
                                                            </td>

                <td class="discounts_list_add">

                                            <div class="add_list_wrap">
                        


    
                                
        
        <div class="save_item_content nologin_save_item icon_only "
             data-idf="product_discounts_15053">
			<span class="link_content">
                
    <span class="spinner-absolute spinner-btn no_content hdn"><span class="js-loader"></span></span>

                <a data-rustmp="1" data-action="click" data-fn="rusInit" href="#"
                   aria-label="Přidat produkt do oblíbených - nutné přihlášení uživatele" style="line-height: 0;"
                   class="toggle_saved_item btn btn_default top_link link_heart " data-idf="product_discounts_15053" data-type="product"
                   data-item="15053"><span>Přidat produkt do oblíbených</span></a>
			</span>
                    </div>
                            </div>
                    
                                            <a data-product-id="15053" href="#5111143" role="button" aria-label="Přidat Nealkoholické pivo ochucené Birell do nákupního seznamu" data-shop="271" data-price="15.9" data-product="Nealkoholické pivo ochucené Birell" class="btn btn_colored btn_list_add no_login">Přidat</a>
                                    </td>
            </tr>
                        </table>
    
    <div class="discounts_show_all_shops only_discount" data-product="15053">
        <a role="button" href="#15053" class="purple_link discount_all_shops only_discount">Další obchody (<span>3</span>)</a>
    </div>
</div>

    <div class="product_price_from">
        od <strong>14,89&nbsp;Kč</strong>
    </div>
                            <div class="clear"></div>
        </div>

        
        
        
    

    
        <div class="group_discounts active" data-page="5">
            <div class="absolute product_target" id="12295" style="top: -80px;"></div>

            <div class="product_image">
                <a href="/sleva/nealkoholicke-pivo-polotmave-birell" title="Nealkoholické pivo polotmavé Birell" aria-hidden="true" tabindex="-1" class="open_detail" class="product_link_history" data-product-id="12295" data-product="nealkoholicke-pivo-polotmave-birell">
                    <img src="/img/no_img/no_discounts.png"
                         data-src="https://img.kupi.cz/kupi/thumbs/pivo-radegast-birell-polotmavy_box_120_140.jpg"
                         alt="Nealkoholické pivo polotmavé Birell">
                </a>
                <span class="label-supplement">ilustrační obrázek</span>
            </div>

            <div class="relative product_discounts">
                <div class="wide left">
                    <div class="relative product_name_around" style="margin-right: 32px;">
                        <div data-product="12295" class="log_product product_name wide">
                            <h2>
                                <a title="Nealkoholické pivo polotmavé Birell" aria-label="Nealkoholické pivo polotmavé Birell v akci za 11,90 Kč" href="/sleva/nealkoholicke-pivo-polotmave-birell" class="product_link_history" data-product="nealkoholicke-pivo-polotmave-birell">
                                    <strong>Nealkoholické pivo polotmavé Birell</strong>
                                </a>

                                <span class="nowrap">
                                    
                                                                    </span>
                            </h2>

                            <div class="product_my_leaflet">
                                


    
                                
        
        <div class="save_item_content nologin_save_item  "
             data-idf="product_discounts_12295">
			<span class="link_content">
                
    <span class="spinner-absolute spinner-btn no_content hdn"><span class="js-loader"></span></span>

                <a data-rustmp="1" data-action="click" data-fn="rusInit" href="#"
                   aria-label="Přidat produkt do oblíbených - nutné přihlášení uživatele" style="line-height: 0;"
                   class="toggle_saved_item btn btn_default top_link link_heart " data-idf="product_discounts_12295" data-type="product"
                   data-item="12295"><span>Přidat produkt do oblíbených</span></a>
			</span>
                            <span class="saved_item_text">
                                                            Zapněte si oblíbené a upozorníme vás na novou akci
                                    		    </span>
                    </div>
                                </div>

                                                            <div class="product_amount_list" role="menu">
                                    <a aria-checked="true" aria-label="Filtr balení: zobrazit vše " href="#" role="menuitemradio" data-price="0" class="btn_amount" data-product="12295" data-key="vse">Vše</a>
                                                                            <a aria-checked="false" aria-label="Filtr balení: 0.33 l" href="#" role="menuitemradio" data-price="0" class="btn_amount in_active" data-product="12295" data-key="0.33-l">0.33 l</a>
                                                                            <a aria-checked="false" aria-label="Filtr balení: 0.5 l" href="#" role="menuitemradio" data-price="15,90" class="btn_amount in_active last" data-product="12295" data-key="0.5-l">0.5 l</a>
                                                                    </div>
                                                                                        <div id="price_12295" class="avg_price inactive">Běžná cena: <span>0,00</span>&nbsp;Kč</div>
                            
                        </div>
                    </div>
                </div>
            </div>

            <div class="clear"></div>
                                    
    
<div class="relative product_discounts product_discounts_overview" id="product_12295">
    <table class="wide discounts_table">

                            
                        
                                        
            <tr data-product="12295" data-discount="5143457" class="log_discount discount_row only_discount" data-key="0.5-l" id="discount_5143457">
                <td width="60" class="text-left discounts_shop_image">
                                            <a href="/letaky/globus" class="product_link_history" data-product="nealkoholicke-pivo-polotmave-birell" title="Globus leták">
                            <img src="https://img.kupi.cz/kupi/thumbs/loga_shopy/globus_80.png" alt="Globus leták" width="50">
                        </a>
                                    </td>

                <td class="discounts_shop_info">
                    <span class="discounts_shop_name">
                        <a href="/letaky/globus" class="product_link_history" data-product="nealkoholicke-pivo-polotmave-birell" title="Globus">
                            <span>
                                                                    Globus
                                                                                                                                                                            </span>
                        </a>

                                                                    </span>

                    
                                            <div class="discounts_markets">
                                                            <a href="/obchod/globus/globus-brno-ivanovice" title="Globus" data-shop="Globus" class="product_link_history" data-product="nealkoholicke-pivo-polotmave-birell">platí pro 1 nejbližší pobočku</a>
                                                    </div>
                                    </td>

                <td class="text-left discounts_price">
                    <span class="discount_price_label">cena</span>
                    <div class="left">
                        <strong class="discount_price_value">11,90&nbsp;Kč</strong>
                    </div>

                                            <div class="discount_amount left">
                            &nbsp;/&nbsp;0.5 l                        </div>
                    
                                            <div class="discount_percentage">&ndash;25&nbsp;%</div>
                    
                    <div class="clear"></div>

                    <span style="font-size: 12px;">
                                                                                                23,80&nbsp;Kč&nbsp;/&nbsp;1&nbsp;l                                                                                    </span>

                    
                                            <div class="discount_note">
                            +3 Kč záloha na láhev                        </div>
                                    </td>

                <td class="text-left discounts_validity valid_discount">
                                                                        platí do středy <span style="white-space: nowrap;">21. 9. </span>
                                                            </td>

                <td class="discounts_list_add">

                                            <div class="add_list_wrap">
                        


    
                                
        
        <div class="save_item_content nologin_save_item icon_only "
             data-idf="product_discounts_12295">
			<span class="link_content">
                
    <span class="spinner-absolute spinner-btn no_content hdn"><span class="js-loader"></span></span>

                <a data-rustmp="1" data-action="click" data-fn="rusInit" href="#"
                   aria-label="Přidat produkt do oblíbených - nutné přihlášení uživatele" style="line-height: 0;"
                   class="toggle_saved_item btn btn_default top_link link_heart " data-idf="product_discounts_12295" data-type="product"
                   data-item="12295"><span>Přidat produkt do oblíbených</span></a>
			</span>
                    </div>
                            </div>
                    
                                            <a data-product-id="12295" href="#5143457" role="button" aria-label="Přidat Nealkoholické pivo polotmavé Birell do nákupního seznamu" data-shop="27" data-price="11.9" data-product="Nealkoholické pivo polotmavé Birell" class="btn btn_colored btn_list_add no_login">Přidat</a>
                                    </td>
            </tr>
                    
            
            <tr data-product="12295" data-discount="5111071" class="log_discount discount_row only_discount" data-key="0.5-l" id="discount_5111071">
                <td width="60" class="text-left discounts_shop_image">
                                            <a href="/letaky/jip" class="product_link_history" data-product="nealkoholicke-pivo-polotmave-birell" title="JIP leták">
                            <img src="https://img.kupi.cz/kupi/thumbs/loga_shopy/jip-1_80.png" alt="JIP leták" width="50">
                        </a>
                                    </td>

                <td class="discounts_shop_info">
                    <span class="discounts_shop_name">
                        <a href="/letaky/jip" class="product_link_history" data-product="nealkoholicke-pivo-polotmave-birell" title="JIP">
                            <span>
                                                                    JIP
                                                                                                                                                                            </span>
                        </a>

                                                                    </span>

                    
                                            <div class="discounts_markets">
                                                            <a href="/obchod/jip/jip-brno-herspicka" title="JIP" data-shop="JIP" class="product_link_history" data-product="nealkoholicke-pivo-polotmave-birell">platí pro 1 nejbližší pobočku</a>
                                                    </div>
                                    </td>

                <td class="text-left discounts_price">
                    <span class="discount_price_label">cena</span>
                    <div class="left">
                        <strong class="discount_price_value">11,90&nbsp;Kč</strong>
                    </div>

                                            <div class="discount_amount left">
                            &nbsp;/&nbsp;0.5 l                        </div>
                    
                    
                    <div class="clear"></div>

                    <span style="font-size: 12px;">
                                                                                                23,80&nbsp;Kč&nbsp;/&nbsp;1&nbsp;l                                                                                    </span>

                    
                                            <div class="discount_note">
                            +3 Kč záloha na láhev                        </div>
                                    </td>

                <td class="text-left discounts_validity valid_discount">
                                                                        zítra končí
                                                            </td>

                <td class="discounts_list_add">

                                            <div class="add_list_wrap">
                        


    
                                
        
        <div class="save_item_content nologin_save_item icon_only "
             data-idf="product_discounts_12295">
			<span class="link_content">
                
    <span class="spinner-absolute spinner-btn no_content hdn"><span class="js-loader"></span></span>

                <a data-rustmp="1" data-action="click" data-fn="rusInit" href="#"
                   aria-label="Přidat produkt do oblíbených - nutné přihlášení uživatele" style="line-height: 0;"
                   class="toggle_saved_item btn btn_default top_link link_heart " data-idf="product_discounts_12295" data-type="product"
                   data-item="12295"><span>Přidat produkt do oblíbených</span></a>
			</span>
                    </div>
                            </div>
                    
                                            <a data-product-id="12295" href="#5111071" role="button" aria-label="Přidat Nealkoholické pivo polotmavé Birell do nákupního seznamu" data-shop="271" data-price="11.9" data-product="Nealkoholické pivo polotmavé Birell" class="btn btn_colored btn_list_add no_login">Přidat</a>
                                    </td>
            </tr>
                    
            
            <tr data-product="12295" data-discount="5137853" class="log_discount discount_row only_discount" data-key="0.5-l" id="discount_5137853">
                <td width="60" class="text-left discounts_shop_image">
                                            <a href="/letaky/eso-market" class="product_link_history" data-product="nealkoholicke-pivo-polotmave-birell" title="ESO MARKET leták">
                            <img src="https://img.kupi.cz/kupi/thumbs/loga_shopy/eso-market-1_80.png" alt="ESO MARKET leták" width="50">
                        </a>
                                    </td>

                <td class="discounts_shop_info">
                    <span class="discounts_shop_name">
                        <a href="/letaky/eso-market" class="product_link_history" data-product="nealkoholicke-pivo-polotmave-birell" title="ESO MARKET">
                            <span>
                                                                    ESO MARKET
                                                                                                                                                                            </span>
                        </a>

                                                                    </span>

                    
                                            <div class="discounts_markets">
                                                            <a href="/obchod/eso-market/eso-market-brno-vavrinecka" title="ESO MARKET" data-shop="ESO MARKET" class="product_link_history" data-product="nealkoholicke-pivo-polotmave-birell">platí pro 8 nejbližších poboček</a>
                                                    </div>
                                    </td>

                <td class="text-left discounts_price">
                    <span class="discount_price_label">cena</span>
                    <div class="left">
                        <strong class="discount_price_value">13,90&nbsp;Kč</strong>
                    </div>

                                            <div class="discount_amount left">
                            &nbsp;/&nbsp;0.5 l                        </div>
                    
                    
                    <div class="clear"></div>

                    <span style="font-size: 12px;">
                                                                                                27,80&nbsp;Kč&nbsp;/&nbsp;1&nbsp;l                                                                                    </span>

                    
                                            <div class="discount_note">
                            +3 Kč záloha na láhev                        </div>
                                    </td>

                <td class="text-left discounts_validity valid_discount">
                                                                        platí do neděle <span style="white-space: nowrap;">18. 9. </span>
                                                            </td>

                <td class="discounts_list_add">

                                            <div class="add_list_wrap">
                        


    
                                
        
        <div class="save_item_content nologin_save_item icon_only "
             data-idf="product_discounts_12295">
			<span class="link_content">
                
    <span class="spinner-absolute spinner-btn no_content hdn"><span class="js-loader"></span></span>

                <a data-rustmp="1" data-action="click" data-fn="rusInit" href="#"
                   aria-label="Přidat produkt do oblíbených - nutné přihlášení uživatele" style="line-height: 0;"
                   class="toggle_saved_item btn btn_default top_link link_heart " data-idf="product_discounts_12295" data-type="product"
                   data-item="12295"><span>Přidat produkt do oblíbených</span></a>
			</span>
                    </div>
                            </div>
                    
                                            <a data-product-id="12295" href="#5137853" role="button" aria-label="Přidat Nealkoholické pivo polotmavé Birell do nákupního seznamu" data-shop="274" data-price="13.9" data-product="Nealkoholické pivo polotmavé Birell" class="btn btn_colored btn_list_add no_login">Přidat</a>
                                    </td>
            </tr>
                    
                                        
            <tr data-product="12295" data-discount="5111119" class="log_discount discount_row only_discount" data-key="0.33-l" id="discount_5111119">
                <td width="60" class="text-left discounts_shop_image">
                                            <a href="/letaky/jip" class="product_link_history" data-product="nealkoholicke-pivo-polotmave-birell" title="JIP leták">
                            <img src="https://img.kupi.cz/kupi/thumbs/loga_shopy/jip-1_80.png" alt="JIP leták" width="50">
                        </a>
                                    </td>

                <td class="discounts_shop_info">
                    <span class="discounts_shop_name">
                        <a href="/letaky/jip" class="product_link_history" data-product="nealkoholicke-pivo-polotmave-birell" title="JIP">
                            <span>
                                                                    JIP
                                                                                                                                                                            </span>
                        </a>

                                                                    </span>

                    
                                            <div class="discounts_markets">
                                                            <a href="/obchod/jip/jip-brno-herspicka" title="JIP" data-shop="JIP" class="product_link_history" data-product="nealkoholicke-pivo-polotmave-birell">platí pro 1 nejbližší pobočku</a>
                                                    </div>
                                    </td>

                <td class="text-left discounts_price">
                    <span class="discount_price_label">cena</span>
                    <div class="left">
                        <strong class="discount_price_value">10,90&nbsp;Kč</strong>
                    </div>

                                            <div class="discount_amount left">
                            &nbsp;/&nbsp;0.33 l                        </div>
                    
                    
                    <div class="clear"></div>

                    <span style="font-size: 12px;">
                                                                                                33,03&nbsp;Kč&nbsp;/&nbsp;1&nbsp;l                                                                                    </span>

                    
                                            <div class="discount_note">
                            +3 Kč záloha na láhev                        </div>
                                    </td>

                <td class="text-left discounts_validity valid_discount">
                                                                        zítra končí
                                                            </td>

                <td class="discounts_list_add">

                                            <div class="add_list_wrap">
                        


    
                                
        
        <div class="save_item_content nologin_save_item icon_only "
             data-idf="product_discounts_12295">
			<span class="link_content">
                
    <span class="spinner-absolute spinner-btn no_content hdn"><span class="js-loader"></span></span>

                <a data-rustmp="1" data-action="click" data-fn="rusInit" href="#"
                   aria-label="Přidat produkt do oblíbených - nutné přihlášení uživatele" style="line-height: 0;"
                   class="toggle_saved_item btn btn_default top_link link_heart " data-idf="product_discounts_12295" data-type="product"
                   data-item="12295"><span>Přidat produkt do oblíbených</span></a>
			</span>
                    </div>
                            </div>
                    
                                            <a data-product-id="12295" href="#5111119" role="button" aria-label="Přidat Nealkoholické pivo polotmavé Birell do nákupního seznamu" data-shop="271" data-price="10.9" data-product="Nealkoholické pivo polotmavé Birell" class="btn btn_colored btn_list_add no_login">Přidat</a>
                                    </td>
            </tr>
                        </table>
    
    <div class="discounts_show_all_shops only_discount" data-product="12295" style="display: none;">
        <a role="button" href="#12295" class="purple_link discount_all_shops only_discount">Další obchody (<span>0</span>)</a>
    </div>
</div>

    <div class="product_price_from">
        od <strong>10,90&nbsp;Kč</strong>
    </div>
                            <div class="clear"></div>
        </div>

        
        
        
    

    
        <div class="group_discounts active" data-page="5">
            <div class="absolute product_target" id="67344" style="top: -80px;"></div>

            <div class="product_image">
                <a href="/sleva/nealkoholicke-pivo-ochucene-staropramen-cool" title="Nealkoholické pivo ochucené Staropramen Cool" aria-hidden="true" tabindex="-1" class="open_detail" class="product_link_history" data-product-id="67344" data-product="nealkoholicke-pivo-ochucene-staropramen-cool">
                    <img src="/img/no_img/no_discounts.png"
                         data-src="https://img.kupi.cz/kupi/thumbs/nealkoholicke-pivo-ochucene-staropramen-cool_box_120_140.jpg"
                         alt="Nealkoholické pivo ochucené Staropramen Cool">
                </a>
                <span class="label-supplement">ilustrační obrázek</span>
            </div>

            <div class="relative product_discounts">
                <div class="wide left">
                    <div class="relative product_name_around" style="margin-right: 32px;">
                        <div data-product="67344" class="log_product product_name wide">
                            <h2>
                                <a title="Nealkoholické pivo ochucené Staropramen Cool" aria-label="Nealkoholické pivo ochucené Staropramen Cool v akci za 13,90 Kč" href="/sleva/nealkoholicke-pivo-ochucene-staropramen-cool" class="product_link_history" data-product="nealkoholicke-pivo-ochucene-staropramen-cool">
                                    <strong>Nealkoholické pivo ochucené Staropramen Cool</strong>
                                </a>

                                <span class="nowrap">
                                    
                                                                    </span>
                            </h2>

                            <div class="product_my_leaflet">
                                


    
                                
        
        <div class="save_item_content nologin_save_item  "
             data-idf="product_discounts_67344">
			<span class="link_content">
                
    <span class="spinner-absolute spinner-btn no_content hdn"><span class="js-loader"></span></span>

                <a data-rustmp="1" data-action="click" data-fn="rusInit" href="#"
                   aria-label="Přidat produkt do oblíbených - nutné přihlášení uživatele" style="line-height: 0;"
                   class="toggle_saved_item btn btn_default top_link link_heart " data-idf="product_discounts_67344" data-type="product"
                   data-item="67344"><span>Přidat produkt do oblíbených</span></a>
			</span>
                            <span class="saved_item_text">
                                                            Zapněte si oblíbené a upozorníme vás na novou akci
                                    		    </span>
                    </div>
                                </div>

                                                            <div class="product_amount_list" role="menu">
                                    <a aria-checked="true" aria-label="Filtr balení: zobrazit vše " href="#" role="menuitemradio" data-price="0" class="btn_amount" data-product="67344" data-key="vse">Vše</a>
                                                                            <a aria-checked="false" aria-label="Filtr balení: 0.33 l" href="#" role="menuitemradio" data-price="15,47" class="btn_amount in_active" data-product="67344" data-key="0.33-l">0.33 l</a>
                                                                            <a aria-checked="false" aria-label="Filtr balení: 0.5 l" href="#" role="menuitemradio" data-price="20,25" class="btn_amount in_active last" data-product="67344" data-key="0.5-l">0.5 l</a>
                                                                    </div>
                                                                                        <div id="price_67344" class="avg_price inactive">Běžná cena: <span>20,25</span>&nbsp;Kč</div>
                            
                        </div>
                    </div>
                </div>
            </div>

            <div class="clear"></div>
                                    
    
<div class="relative product_discounts product_discounts_overview" id="product_67344">
    <table class="wide discounts_table">

                            
                        
                                        
            <tr data-product="67344" data-discount="5141087" class="log_discount discount_row only_discount" data-key="0.5-l" id="discount_5141087">
                <td width="60" class="text-left discounts_shop_image">
                                            <a href="/letaky/billa" class="product_link_history" data-product="nealkoholicke-pivo-ochucene-staropramen-cool" title="BILLA leták">
                            <img src="https://img.kupi.cz/kupi/thumbs/loga_shopy/billa_80.png" alt="BILLA leták" width="50">
                        </a>
                                    </td>

                <td class="discounts_shop_info">
                    <span class="discounts_shop_name">
                        <a href="/letaky/billa" class="product_link_history" data-product="nealkoholicke-pivo-ochucene-staropramen-cool" title="BILLA">
                            <span>
                                                                    BILLA
                                                                                                                                                                            </span>
                        </a>

                                                                    </span>

                    
                                            <div class="discounts_markets">
                                                            <a href="/obchod/billa/billa-brno-podperova" title="BILLA" data-shop="BILLA" class="product_link_history" data-product="nealkoholicke-pivo-ochucene-staropramen-cool">platí pro 14 nejbližších poboček</a>
                                                    </div>
                                    </td>

                <td class="text-left discounts_price">
                    <span class="discount_price_label">cena</span>
                    <div class="left">
                        <strong class="discount_price_value">13,90&nbsp;Kč</strong>
                    </div>

                                            <div class="discount_amount left">
                            &nbsp;/&nbsp;0.5 l                        </div>
                    
                                            <div class="discount_percentage">&ndash;33&nbsp;%</div>
                    
                    <div class="clear"></div>

                    <span style="font-size: 12px;">
                                                                                                27,80&nbsp;Kč&nbsp;/&nbsp;1&nbsp;l                                                                                    </span>

                                            <div class="discounts_club">
                            Platí pro členy klubu
                        </div>
                    
                                            <div class="discount_note">
                            různé druhy, plech                        </div>
                                    </td>

                <td class="text-left discounts_validity valid_discount">
                                                                        platí do úterý <span style="white-space: nowrap;">13. 9. </span>
                                                            </td>

                <td class="discounts_list_add">

                                            <div class="add_list_wrap">
                        


    
                                
        
        <div class="save_item_content nologin_save_item icon_only "
             data-idf="product_discounts_67344">
			<span class="link_content">
                
    <span class="spinner-absolute spinner-btn no_content hdn"><span class="js-loader"></span></span>

                <a data-rustmp="1" data-action="click" data-fn="rusInit" href="#"
                   aria-label="Přidat produkt do oblíbených - nutné přihlášení uživatele" style="line-height: 0;"
                   class="toggle_saved_item btn btn_default top_link link_heart " data-idf="product_discounts_67344" data-type="product"
                   data-item="67344"><span>Přidat produkt do oblíbených</span></a>
			</span>
                    </div>
                            </div>
                    
                                            <a data-product-id="67344" href="#5141087" role="button" aria-label="Přidat Nealkoholické pivo ochucené Staropramen Cool do nákupního seznamu" data-shop="5" data-price="13.9" data-product="Nealkoholické pivo ochucené Staropramen Cool" class="btn btn_colored btn_list_add no_login">Přidat</a>
                                    </td>
            </tr>
                    
            
            <tr data-product="67344" data-discount="5135309" class="log_discount discount_row only_discount" data-key="0.5-l" id="discount_5135309">
                <td width="60" class="text-left discounts_shop_image">
                                            <a href="/letaky/albert" class="product_link_history" data-product="nealkoholicke-pivo-ochucene-staropramen-cool" title="Albert leták">
                            <img src="https://img.kupi.cz/kupi/thumbs/loga_shopy/albert-supermarket_80.png" alt="Albert leták" width="50">
                        </a>
                                    </td>

                <td class="discounts_shop_info">
                    <span class="discounts_shop_name">
                        <a href="/letaky/albert" class="product_link_history" data-product="nealkoholicke-pivo-ochucene-staropramen-cool" title="Albert">
                            <span>
                                                                    Albert
                                                                                                                        supermarket
                                                                                                                                        </span>
                        </a>

                                                                    </span>

                    
                                            <div class="discounts_markets">
                                                            <a href="/obchod/albert/albert-kurim" title="Albert" data-shop="Albert" class="product_link_history" data-product="nealkoholicke-pivo-ochucene-staropramen-cool">platí pro 34 nejbližších poboček</a>
                                                    </div>
                                    </td>

                <td class="text-left discounts_price">
                    <span class="discount_price_label">cena</span>
                    <div class="left">
                        <strong class="discount_price_value">13,90&nbsp;Kč</strong>
                    </div>

                                            <div class="discount_amount left">
                            &nbsp;/&nbsp;0.5 l                        </div>
                    
                                            <div class="discount_percentage">&ndash;30&nbsp;%</div>
                    
                    <div class="clear"></div>

                    <span style="font-size: 12px;">
                                                                                                27,80&nbsp;Kč&nbsp;/&nbsp;1&nbsp;l                                                                                    </span>

                    
                                            <div class="discount_note">
                            vybrané druhy, plech                        </div>
                                    </td>

                <td class="text-left discounts_validity valid_discount">
                                                                        platí do úterý <span style="white-space: nowrap;">13. 9. </span>
                                                            </td>

                <td class="discounts_list_add">

                                            <div class="add_list_wrap">
                        


    
                                
        
        <div class="save_item_content nologin_save_item icon_only "
             data-idf="product_discounts_67344">
			<span class="link_content">
                
    <span class="spinner-absolute spinner-btn no_content hdn"><span class="js-loader"></span></span>

                <a data-rustmp="1" data-action="click" data-fn="rusInit" href="#"
                   aria-label="Přidat produkt do oblíbených - nutné přihlášení uživatele" style="line-height: 0;"
                   class="toggle_saved_item btn btn_default top_link link_heart " data-idf="product_discounts_67344" data-type="product"
                   data-item="67344"><span>Přidat produkt do oblíbených</span></a>
			</span>
                    </div>
                            </div>
                    
                                            <a data-product-id="67344" href="#5135309" role="button" aria-label="Přidat Nealkoholické pivo ochucené Staropramen Cool do nákupního seznamu" data-shop="3" data-price="13.9" data-product="Nealkoholické pivo ochucené Staropramen Cool" class="btn btn_colored btn_list_add no_login">Přidat</a>
                                    </td>
            </tr>
                    
            
            <tr data-product="67344" data-discount="5138054" class="log_discount discount_row only_discount" data-key="0.5-l" id="discount_5138054">
                <td width="60" class="text-left discounts_shop_image">
                                            <a href="/letaky/tesco" class="product_link_history" data-product="nealkoholicke-pivo-ochucene-staropramen-cool" title="Tesco leták">
                            <img src="https://img.kupi.cz/kupi/thumbs/loga_shopy/tesco-hypermarket_80.png" alt="Tesco leták" width="50">
                        </a>
                                    </td>

                <td class="discounts_shop_info">
                    <span class="discounts_shop_name">
                        <a href="/letaky/tesco" class="product_link_history" data-product="nealkoholicke-pivo-ochucene-staropramen-cool" title="Tesco">
                            <span>
                                                                    Tesco
                                                                            
                                                                                                </span>
                        </a>

                                                                    </span>

                    
                                            <div class="discounts_markets">
                                                            <a href="/obchod/tesco/tesco-brno-cimburkova" title="Tesco" data-shop="Tesco" class="product_link_history" data-product="nealkoholicke-pivo-ochucene-staropramen-cool">platí pro 8 nejbližších poboček</a>
                                                    </div>
                                    </td>

                <td class="text-left discounts_price">
                    <span class="discount_price_label">cena</span>
                    <div class="left">
                        <strong class="discount_price_value">13,90&nbsp;Kč</strong>
                    </div>

                                            <div class="discount_amount left">
                            &nbsp;/&nbsp;0.5 l                        </div>
                    
                                            <div class="discount_percentage">&ndash;30&nbsp;%</div>
                    
                    <div class="clear"></div>

                    <span style="font-size: 12px;">
                                                                                                27,80&nbsp;Kč&nbsp;/&nbsp;1&nbsp;l                                                                                    </span>

                                            <div class="discounts_club">
                            Platí pro členy klubu
                        </div>
                    
                                            <div class="discount_note">
                            různé druhy, plech                        </div>
                                    </td>

                <td class="text-left discounts_validity valid_discount">
                                                                        platí do úterý <span style="white-space: nowrap;">13. 9. </span>
                                                            </td>

                <td class="discounts_list_add">

                                            <div class="add_list_wrap">
                        


    
                                
        
        <div class="save_item_content nologin_save_item icon_only "
             data-idf="product_discounts_67344">
			<span class="link_content">
                
    <span class="spinner-absolute spinner-btn no_content hdn"><span class="js-loader"></span></span>

                <a data-rustmp="1" data-action="click" data-fn="rusInit" href="#"
                   aria-label="Přidat produkt do oblíbených - nutné přihlášení uživatele" style="line-height: 0;"
                   class="toggle_saved_item btn btn_default top_link link_heart " data-idf="product_discounts_67344" data-type="product"
                   data-item="67344"><span>Přidat produkt do oblíbených</span></a>
			</span>
                    </div>
                            </div>
                    
                                            <a data-product-id="67344" href="#5138054" role="button" aria-label="Přidat Nealkoholické pivo ochucené Staropramen Cool do nákupního seznamu" data-shop="1" data-price="13.9" data-product="Nealkoholické pivo ochucené Staropramen Cool" class="btn btn_colored btn_list_add no_login">Přidat</a>
                                    </td>
            </tr>
                    
            
            <tr data-product="67344" data-discount="5127446" class="log_discount discount_row only_discount" data-key="0.5-l" id="discount_5127446">
                <td width="60" class="text-left discounts_shop_image">
                                            <a href="/letaky/flop" class="product_link_history" data-product="nealkoholicke-pivo-ochucene-staropramen-cool" title="FLOP leták">
                            <img src="https://img.kupi.cz/kupi/thumbs/loga_shopy/type-flop_80.png" alt="FLOP leták" width="50">
                        </a>
                                    </td>

                <td class="discounts_shop_info">
                    <span class="discounts_shop_name">
                        <a href="/letaky/flop" class="product_link_history" data-product="nealkoholicke-pivo-ochucene-staropramen-cool" title="FLOP">
                            <span>
                                                                    FLOP                                                            </span>
                        </a>

                                                                    </span>

                    
                                            <div class="discounts_markets">
                                                            <a href="/obchod/flop/flop-kurim" title="FLOP" data-shop="FLOP" class="product_link_history" data-product="nealkoholicke-pivo-ochucene-staropramen-cool">platí pro 7 nejbližších poboček</a>
                                                    </div>
                                    </td>

                <td class="text-left discounts_price">
                    <span class="discount_price_label">cena</span>
                    <div class="left">
                        <strong class="discount_price_value">14,90&nbsp;Kč</strong>
                    </div>

                                            <div class="discount_amount left">
                            &nbsp;/&nbsp;0.5 l                        </div>
                    
                    
                    <div class="clear"></div>

                    <span style="font-size: 12px;">
                                                                                                29,80&nbsp;Kč&nbsp;/&nbsp;1&nbsp;l                                                                                    </span>

                    
                                            <div class="discount_note">
                            různé druhy, plech                        </div>
                                    </td>

                <td class="text-left discounts_validity valid_discount">
                                                                        dnes končí
                                                            </td>

                <td class="discounts_list_add">

                                            <div class="add_list_wrap">
                        


    
                                
        
        <div class="save_item_content nologin_save_item icon_only "
             data-idf="product_discounts_67344">
			<span class="link_content">
                
    <span class="spinner-absolute spinner-btn no_content hdn"><span class="js-loader"></span></span>

                <a data-rustmp="1" data-action="click" data-fn="rusInit" href="#"
                   aria-label="Přidat produkt do oblíbených - nutné přihlášení uživatele" style="line-height: 0;"
                   class="toggle_saved_item btn btn_default top_link link_heart " data-idf="product_discounts_67344" data-type="product"
                   data-item="67344"><span>Přidat produkt do oblíbených</span></a>
			</span>
                    </div>
                            </div>
                    
                                            <a data-product-id="67344" href="#5127446" role="button" aria-label="Přidat Nealkoholické pivo ochucené Staropramen Cool do nákupního seznamu" data-shop="235" data-price="14.9" data-product="Nealkoholické pivo ochucené Staropramen Cool" class="btn btn_colored btn_list_add no_login">Přidat</a>
                                    </td>
            </tr>
                    
                                        
            <tr data-product="67344" data-discount="5143814" class="log_discount discount_row only_discount hidden_discount" data-key="0.33-l" id="discount_5143814">
                <td width="60" class="text-left discounts_shop_image">
                                            <a href="/letaky/penny-market" class="product_link_history" data-product="nealkoholicke-pivo-ochucene-staropramen-cool" title="Penny Market leták">
                            <img src="https://img.kupi.cz/kupi/thumbs/loga_shopy/penny-market_80.png" alt="Penny Market leták" width="50">
                        </a>
                                    </td>

                <td class="discounts_shop_info">
                    <span class="discounts_shop_name">
                        <a href="/letaky/penny-market" class="product_link_history" data-product="nealkoholicke-pivo-ochucene-staropramen-cool" title="Penny Market">
                            <span>
                                                                    Penny Market
                                                                                                                                                                            </span>
                        </a>

                                                                    </span>

                    
                                            <div class="discounts_markets">
                                                            <a href="/obchod/penny-market/penny-market-kurim" title="Penny Market" data-shop="Penny Market" class="product_link_history" data-product="nealkoholicke-pivo-ochucene-staropramen-cool">platí pro 21 nejbližších poboček</a>
                                                    </div>
                                    </td>

                <td class="text-left discounts_price">
                    <span class="discount_price_label">cena</span>
                    <div class="left">
                        <strong class="discount_price_value">9,90&nbsp;Kč</strong>
                    </div>

                                            <div class="discount_amount left">
                            &nbsp;/&nbsp;0.33 l                        </div>
                    
                                            <div class="discount_percentage">&ndash;34&nbsp;%</div>
                    
                    <div class="clear"></div>

                    <span style="font-size: 12px;">
                                                                                                30,00&nbsp;Kč&nbsp;/&nbsp;1&nbsp;l                                                                                    </span>

                    
                                            <div class="discount_note">
                            grep, lemon, plech                        </div>
                                    </td>

                <td class="text-left discounts_validity valid_discount">
                                                                        platí do středy <span style="white-space: nowrap;">14. 9. </span>
                                                            </td>

                <td class="discounts_list_add">

                                            <div class="add_list_wrap">
                        


    
                                
        
        <div class="save_item_content nologin_save_item icon_only "
             data-idf="product_discounts_67344">
			<span class="link_content">
                
    <span class="spinner-absolute spinner-btn no_content hdn"><span class="js-loader"></span></span>

                <a data-rustmp="1" data-action="click" data-fn="rusInit" href="#"
                   aria-label="Přidat produkt do oblíbených - nutné přihlášení uživatele" style="line-height: 0;"
                   class="toggle_saved_item btn btn_default top_link link_heart " data-idf="product_discounts_67344" data-type="product"
                   data-item="67344"><span>Přidat produkt do oblíbených</span></a>
			</span>
                    </div>
                            </div>
                    
                                            <a data-product-id="67344" href="#5143814" role="button" aria-label="Přidat Nealkoholické pivo ochucené Staropramen Cool do nákupního seznamu" data-shop="7" data-price="9.9" data-product="Nealkoholické pivo ochucené Staropramen Cool" class="btn btn_colored btn_list_add no_login">Přidat</a>
                                    </td>
            </tr>
                    
            
            <tr data-product="67344" data-discount="5117324" class="log_discount discount_row only_discount hidden_discount" data-key="0.5-l" id="discount_5117324">
                <td width="60" class="text-left discounts_shop_image">
                                            <a href="/letaky/cba" class="product_link_history" data-product="nealkoholicke-pivo-ochucene-staropramen-cool" title="CBA leták">
                            <img src="https://img.kupi.cz/kupi/thumbs/loga_shopy/cba_80.png" alt="CBA leták" width="50">
                        </a>
                                    </td>

                <td class="discounts_shop_info">
                    <span class="discounts_shop_name">
                        <a href="/letaky/cba" class="product_link_history" data-product="nealkoholicke-pivo-ochucene-staropramen-cool" title="CBA">
                            <span>
                                                                    CBA
                                                                                                                                                                            </span>
                        </a>

                                                                    </span>

                    
                                            <div class="discounts_markets">
                                                            <a href="/obchod/cba/potraviny-duha" title="CBA" data-shop="CBA" class="product_link_history" data-product="nealkoholicke-pivo-ochucene-staropramen-cool">platí pro 17 nejbližších poboček</a>
                                                    </div>
                                    </td>

                <td class="text-left discounts_price">
                    <span class="discount_price_label">cena</span>
                    <div class="left">
                        <strong class="discount_price_value">17,90&nbsp;Kč</strong>
                    </div>

                                            <div class="discount_amount left">
                            &nbsp;/&nbsp;0.5 l                        </div>
                    
                    
                    <div class="clear"></div>

                    <span style="font-size: 12px;">
                                                                                                35,80&nbsp;Kč&nbsp;/&nbsp;1&nbsp;l                                                                                    </span>

                    
                                            <div class="discount_note">
                            vybrané druhy, plech, pouze ve vybraných prodejnách                        </div>
                                    </td>

                <td class="text-left discounts_validity valid_discount">
                                                                        platí do úterý <span style="white-space: nowrap;">13. 9. </span>
                                                            </td>

                <td class="discounts_list_add">

                                            <div class="add_list_wrap">
                        


    
                                
        
        <div class="save_item_content nologin_save_item icon_only "
             data-idf="product_discounts_67344">
			<span class="link_content">
                
    <span class="spinner-absolute spinner-btn no_content hdn"><span class="js-loader"></span></span>

                <a data-rustmp="1" data-action="click" data-fn="rusInit" href="#"
                   aria-label="Přidat produkt do oblíbených - nutné přihlášení uživatele" style="line-height: 0;"
                   class="toggle_saved_item btn btn_default top_link link_heart " data-idf="product_discounts_67344" data-type="product"
                   data-item="67344"><span>Přidat produkt do oblíbených</span></a>
			</span>
                    </div>
                            </div>
                    
                                            <a data-product-id="67344" href="#5117324" role="button" aria-label="Přidat Nealkoholické pivo ochucené Staropramen Cool do nákupního seznamu" data-shop="257" data-price="17.9" data-product="Nealkoholické pivo ochucené Staropramen Cool" class="btn btn_colored btn_list_add no_login">Přidat</a>
                                    </td>
            </tr>
                        </table>
    
    <div class="discounts_show_all_shops only_discount" data-product="67344">
        <a role="button" href="#67344" class="purple_link discount_all_shops only_discount">Další obchody (<span>2</span>)</a>
    </div>
</div>

    <div class="product_price_from">
        od <strong>9,90&nbsp;Kč</strong>
    </div>
                            <div class="clear"></div>
        </div>

        
        
        
    

    
        <div class="group_discounts active" data-page="5">
            <div class="absolute product_target" id="14441" style="top: -80px;"></div>

            <div class="product_image">
                <a href="/sleva/nealkoholicke-pivo-argus" title="Nealkoholické pivo Argus" aria-hidden="true" tabindex="-1" class="open_detail" class="product_link_history" data-product-id="14441" data-product="nealkoholicke-pivo-argus">
                    <img src="/img/no_img/no_discounts.png"
                         data-src="https://img.kupi.cz/kupi/thumbs/nealkoholicke-pivo-argus_box_120_140.png"
                         alt="Nealkoholické pivo Argus">
                </a>
                <span class="label-supplement">ilustrační obrázek</span>
            </div>

            <div class="relative product_discounts">
                <div class="wide left">
                    <div class="relative product_name_around" style="margin-right: 32px;">
                        <div data-product="14441" class="log_product product_name wide">
                            <h2>
                                <a title="Nealkoholické pivo Argus" aria-label="Nealkoholické pivo Argus v akci za 7,90 Kč" href="/sleva/nealkoholicke-pivo-argus" class="product_link_history" data-product="nealkoholicke-pivo-argus">
                                    <strong>Nealkoholické pivo Argus</strong>
                                </a>

                                <span class="nowrap">
                                                                                                                                                                        <span>0.5 l</span>
                                                                                                                        
                                                                    </span>
                            </h2>

                            <div class="product_my_leaflet">
                                


    
                                
        
        <div class="save_item_content nologin_save_item  "
             data-idf="product_discounts_14441">
			<span class="link_content">
                
    <span class="spinner-absolute spinner-btn no_content hdn"><span class="js-loader"></span></span>

                <a data-rustmp="1" data-action="click" data-fn="rusInit" href="#"
                   aria-label="Přidat produkt do oblíbených - nutné přihlášení uživatele" style="line-height: 0;"
                   class="toggle_saved_item btn btn_default top_link link_heart " data-idf="product_discounts_14441" data-type="product"
                   data-item="14441"><span>Přidat produkt do oblíbených</span></a>
			</span>
                            <span class="saved_item_text">
                                                            Zapněte si oblíbené a upozorníme vás na novou akci
                                    		    </span>
                    </div>
                                </div>

                                                                                        <div id="price_14441" class="avg_price">Běžná cena: <span>9,40</span>&nbsp;Kč</div>
                            
                        </div>
                    </div>
                </div>
            </div>

            <div class="clear"></div>
                                    
    
<div class="relative product_discounts product_discounts_overview" id="product_14441">
    <table class="wide discounts_table">

                            
                        
                                        
            <tr data-product="14441" data-discount="5129537" class="log_discount discount_row only_discount" data-key="0.5-l" id="discount_5129537">
                <td width="60" class="text-left discounts_shop_image">
                                            <a href="/letaky/lidl" class="product_link_history" data-product="nealkoholicke-pivo-argus" title="Lidl leták">
                            <img src="https://img.kupi.cz/kupi/thumbs/loga_shopy/lidl_80.png" alt="Lidl leták" width="50">
                        </a>
                                    </td>

                <td class="discounts_shop_info">
                    <span class="discounts_shop_name">
                        <a href="/letaky/lidl" class="product_link_history" data-product="nealkoholicke-pivo-argus" title="Lidl">
                            <span>
                                                                    Lidl
                                                                                                                                                                            </span>
                        </a>

                                                                    </span>

                    
                                            <div class="discounts_markets">
                                                            <a href="/obchod/lidl/lidl-kurim" title="Lidl" data-shop="Lidl" class="product_link_history" data-product="nealkoholicke-pivo-argus">platí pro 21 nejbližších poboček</a>
                                                    </div>
                                    </td>

                <td class="text-left discounts_price">
                    <span class="discount_price_label">cena</span>
                    <div class="left">
                        <strong class="discount_price_value">7,90&nbsp;Kč</strong>
                    </div>

                                            <div class="discount_amount left">
                            &nbsp;/&nbsp;0.5 l                        </div>
                    
                                            <div class="discount_percentage">&ndash;28&nbsp;%</div>
                    
                    <div class="clear"></div>

                    <span style="font-size: 12px;">
                                                                                                15,80&nbsp;Kč&nbsp;/&nbsp;1&nbsp;l                                                                                    </span>

                    
                                            <div class="discount_note">
                            plech                        </div>
                                    </td>

                <td class="text-left discounts_validity valid_discount">
                                                                        dnes končí
                                                            </td>

                <td class="discounts_list_add">

                                            <div class="add_list_wrap">
                        


    
                                
        
        <div class="save_item_content nologin_save_item icon_only "
             data-idf="product_discounts_14441">
			<span class="link_content">
                
    <span class="spinner-absolute spinner-btn no_content hdn"><span class="js-loader"></span></span>

                <a data-rustmp="1" data-action="click" data-fn="rusInit" href="#"
                   aria-label="Přidat produkt do oblíbených - nutné přihlášení uživatele" style="line-height: 0;"
                   class="toggle_saved_item btn btn_default top_link link_heart " data-idf="product_discounts_14441" data-type="product"
                   data-item="14441"><span>Přidat produkt do oblíbených</span></a>
			</span>
                    </div>
                            </div>
                    
                                            <a data-product-id="14441" href="#5129537" role="button" aria-label="Přidat Nealkoholické pivo Argus do nákupního seznamu" data-shop="6" data-price="7.9" data-product="Nealkoholické pivo Argus" class="btn btn_colored btn_list_add no_login">Přidat</a>
                                    </td>
            </tr>
                        </table>
    
    <div class="discounts_show_all_shops only_discount" data-product="14441" style="display: none;">
        <a role="button" href="#14441" class="purple_link discount_all_shops only_discount">Další obchody (<span>-3</span>)</a>
    </div>
</div>

    <div class="product_price_from">
        od <strong>7,90&nbsp;Kč</strong>
    </div>
                            <div class="clear"></div>
        </div>

        
        
        
    

    
        <div class="group_discounts active" data-page="5">
            <div class="absolute product_target" id="71147" style="top: -80px;"></div>

            <div class="product_image">
                <a href="/sleva/nealkoholicke-pivo-zeleny-jecmen-birell" title="Nealkoholické pivo Zelený ječmen Birell" aria-hidden="true" tabindex="-1" class="open_detail" class="product_link_history" data-product-id="71147" data-product="nealkoholicke-pivo-zeleny-jecmen-birell">
                    <img src="/img/no_img/no_discounts.png"
                         data-src="https://img.kupi.cz/kupi/thumbs/nealkoholicke-pivo-zeleny-jecmen-birell_box_120_140.png"
                         alt="Nealkoholické pivo Zelený ječmen Birell">
                </a>
                <span class="label-supplement">ilustrační obrázek</span>
            </div>

            <div class="relative product_discounts">
                <div class="wide left">
                    <div class="relative product_name_around" style="margin-right: 32px;">
                        <div data-product="71147" class="log_product product_name wide">
                            <h2>
                                <a title="Nealkoholické pivo Zelený ječmen Birell" aria-label="Nealkoholické pivo Zelený ječmen Birell v akci za 11,90 Kč" href="/sleva/nealkoholicke-pivo-zeleny-jecmen-birell" class="product_link_history" data-product="nealkoholicke-pivo-zeleny-jecmen-birell">
                                    <strong>Nealkoholické pivo Zelený ječmen Birell</strong>
                                </a>

                                <span class="nowrap">
                                                                                                                                                                        <span>0.5 l</span>
                                                                                                                        
                                                                    </span>
                            </h2>

                            <div class="product_my_leaflet">
                                


    
                                
        
        <div class="save_item_content nologin_save_item  "
             data-idf="product_discounts_71147">
			<span class="link_content">
                
    <span class="spinner-absolute spinner-btn no_content hdn"><span class="js-loader"></span></span>

                <a data-rustmp="1" data-action="click" data-fn="rusInit" href="#"
                   aria-label="Přidat produkt do oblíbených - nutné přihlášení uživatele" style="line-height: 0;"
                   class="toggle_saved_item btn btn_default top_link link_heart " data-idf="product_discounts_71147" data-type="product"
                   data-item="71147"><span>Přidat produkt do oblíbených</span></a>
			</span>
                            <span class="saved_item_text">
                                                            Zapněte si oblíbené a upozorníme vás na novou akci
                                    		    </span>
                    </div>
                                </div>

                                                                                        <div id="price_71147" class="avg_price">Běžná cena: <span>15,90</span>&nbsp;Kč</div>
                            
                        </div>
                    </div>
                </div>
            </div>

            <div class="clear"></div>
                                    
    
<div class="relative product_discounts product_discounts_overview" id="product_71147">
    <table class="wide discounts_table">

                            
                        
                                        
            <tr data-product="71147" data-discount="5143460" class="log_discount discount_row only_discount" data-key="0.5-l" id="discount_5143460">
                <td width="60" class="text-left discounts_shop_image">
                                            <a href="/letaky/globus" class="product_link_history" data-product="nealkoholicke-pivo-zeleny-jecmen-birell" title="Globus leták">
                            <img src="https://img.kupi.cz/kupi/thumbs/loga_shopy/globus_80.png" alt="Globus leták" width="50">
                        </a>
                                    </td>

                <td class="discounts_shop_info">
                    <span class="discounts_shop_name">
                        <a href="/letaky/globus" class="product_link_history" data-product="nealkoholicke-pivo-zeleny-jecmen-birell" title="Globus">
                            <span>
                                                                    Globus
                                                                                                                                                                            </span>
                        </a>

                                                                    </span>

                    
                                            <div class="discounts_markets">
                                                            <a href="/obchod/globus/globus-brno-ivanovice" title="Globus" data-shop="Globus" class="product_link_history" data-product="nealkoholicke-pivo-zeleny-jecmen-birell">platí pro 1 nejbližší pobočku</a>
                                                    </div>
                                    </td>

                <td class="text-left discounts_price">
                    <span class="discount_price_label">cena</span>
                    <div class="left">
                        <strong class="discount_price_value">11,90&nbsp;Kč</strong>
                    </div>

                                            <div class="discount_amount left">
                            &nbsp;/&nbsp;0.5 l                        </div>
                    
                                            <div class="discount_percentage">&ndash;25&nbsp;%</div>
                    
                    <div class="clear"></div>

                    <span style="font-size: 12px;">
                                                                                                23,80&nbsp;Kč&nbsp;/&nbsp;1&nbsp;l                                                                                    </span>

                    
                                            <div class="discount_note">
                            +3 Kč záloha na láhev                        </div>
                                    </td>

                <td class="text-left discounts_validity valid_discount">
                                                                        platí do středy <span style="white-space: nowrap;">21. 9. </span>
                                                            </td>

                <td class="discounts_list_add">

                                            <div class="add_list_wrap">
                        


    
                                
        
        <div class="save_item_content nologin_save_item icon_only "
             data-idf="product_discounts_71147">
			<span class="link_content">
                
    <span class="spinner-absolute spinner-btn no_content hdn"><span class="js-loader"></span></span>

                <a data-rustmp="1" data-action="click" data-fn="rusInit" href="#"
                   aria-label="Přidat produkt do oblíbených - nutné přihlášení uživatele" style="line-height: 0;"
                   class="toggle_saved_item btn btn_default top_link link_heart " data-idf="product_discounts_71147" data-type="product"
                   data-item="71147"><span>Přidat produkt do oblíbených</span></a>
			</span>
                    </div>
                            </div>
                    
                                            <a data-product-id="71147" href="#5143460" role="button" aria-label="Přidat Nealkoholické pivo Zelený ječmen Birell do nákupního seznamu" data-shop="27" data-price="11.9" data-product="Nealkoholické pivo Zelený ječmen Birell" class="btn btn_colored btn_list_add no_login">Přidat</a>
                                    </td>
            </tr>
                    
            
            <tr data-product="71147" data-discount="5137856" class="log_discount discount_row only_discount" data-key="0.5-l" id="discount_5137856">
                <td width="60" class="text-left discounts_shop_image">
                                            <a href="/letaky/eso-market" class="product_link_history" data-product="nealkoholicke-pivo-zeleny-jecmen-birell" title="ESO MARKET leták">
                            <img src="https://img.kupi.cz/kupi/thumbs/loga_shopy/eso-market-1_80.png" alt="ESO MARKET leták" width="50">
                        </a>
                                    </td>

                <td class="discounts_shop_info">
                    <span class="discounts_shop_name">
                        <a href="/letaky/eso-market" class="product_link_history" data-product="nealkoholicke-pivo-zeleny-jecmen-birell" title="ESO MARKET">
                            <span>
                                                                    ESO MARKET
                                                                                                                                                                            </span>
                        </a>

                                                                    </span>

                    
                                            <div class="discounts_markets">
                                                            <a href="/obchod/eso-market/eso-market-brno-vavrinecka" title="ESO MARKET" data-shop="ESO MARKET" class="product_link_history" data-product="nealkoholicke-pivo-zeleny-jecmen-birell">platí pro 8 nejbližších poboček</a>
                                                    </div>
                                    </td>

                <td class="text-left discounts_price">
                    <span class="discount_price_label">cena</span>
                    <div class="left">
                        <strong class="discount_price_value">13,90&nbsp;Kč</strong>
                    </div>

                                            <div class="discount_amount left">
                            &nbsp;/&nbsp;0.5 l                        </div>
                    
                    
                    <div class="clear"></div>

                    <span style="font-size: 12px;">
                                                                                                27,80&nbsp;Kč&nbsp;/&nbsp;1&nbsp;l                                                                                    </span>

                    
                                            <div class="discount_note">
                            +3 Kč záloha na láhev                        </div>
                                    </td>

                <td class="text-left discounts_validity valid_discount">
                                                                        platí do neděle <span style="white-space: nowrap;">18. 9. </span>
                                                            </td>

                <td class="discounts_list_add">

                                            <div class="add_list_wrap">
                        


    
                                
        
        <div class="save_item_content nologin_save_item icon_only "
             data-idf="product_discounts_71147">
			<span class="link_content">
                
    <span class="spinner-absolute spinner-btn no_content hdn"><span class="js-loader"></span></span>

                <a data-rustmp="1" data-action="click" data-fn="rusInit" href="#"
                   aria-label="Přidat produkt do oblíbených - nutné přihlášení uživatele" style="line-height: 0;"
                   class="toggle_saved_item btn btn_default top_link link_heart " data-idf="product_discounts_71147" data-type="product"
                   data-item="71147"><span>Přidat produkt do oblíbených</span></a>
			</span>
                    </div>
                            </div>
                    
                                            <a data-product-id="71147" href="#5137856" role="button" aria-label="Přidat Nealkoholické pivo Zelený ječmen Birell do nákupního seznamu" data-shop="274" data-price="13.9" data-product="Nealkoholické pivo Zelený ječmen Birell" class="btn btn_colored btn_list_add no_login">Přidat</a>
                                    </td>
            </tr>
                        </table>
    
    <div class="discounts_show_all_shops only_discount" data-product="71147" style="display: none;">
        <a role="button" href="#71147" class="purple_link discount_all_shops only_discount">Další obchody (<span>-2</span>)</a>
    </div>
</div>

    <div class="product_price_from">
        od <strong>11,90&nbsp;Kč</strong>
    </div>
                            <div class="clear"></div>
        </div>

        
        
        
    

    
        <div class="group_discounts active" data-page="5">
            <div class="absolute product_target" id="1604" style="top: -80px;"></div>

            <div class="product_image">
                <a href="/sleva/nealkoholicke-pivo-bernard" title="Nealkoholické pivo Bernard" aria-hidden="true" tabindex="-1" class="open_detail" class="product_link_history" data-product-id="1604" data-product="nealkoholicke-pivo-bernard">
                    <img src="/img/no_img/no_discounts.png"
                         data-src="https://img.kupi.cz/kupi/thumbs/nealkoholicke-pivo-bernard_box_120_140.jpg"
                         alt="Nealkoholické pivo Bernard">
                </a>
                <span class="label-supplement">ilustrační obrázek</span>
            </div>

            <div class="relative product_discounts">
                <div class="wide left">
                    <div class="relative product_name_around" style="margin-right: 32px;">
                        <div data-product="1604" class="log_product product_name wide">
                            <h2>
                                <a title="Nealkoholické pivo Bernard" aria-label="Nealkoholické pivo Bernard v akci za 10,00 Kč" href="/sleva/nealkoholicke-pivo-bernard" class="product_link_history" data-product="nealkoholicke-pivo-bernard">
                                    <strong>Nealkoholické pivo Bernard</strong>
                                </a>

                                <span class="nowrap">
                                                                                                                                                                        <span>0.5 l</span>
                                                                                                                        
                                                                    </span>
                            </h2>

                            <div class="product_my_leaflet">
                                


    
                                
        
        <div class="save_item_content nologin_save_item  "
             data-idf="product_discounts_1604">
			<span class="link_content">
                
    <span class="spinner-absolute spinner-btn no_content hdn"><span class="js-loader"></span></span>

                <a data-rustmp="1" data-action="click" data-fn="rusInit" href="#"
                   aria-label="Přidat produkt do oblíbených - nutné přihlášení uživatele" style="line-height: 0;"
                   class="toggle_saved_item btn btn_default top_link link_heart " data-idf="product_discounts_1604" data-type="product"
                   data-item="1604"><span>Přidat produkt do oblíbených</span></a>
			</span>
                            <span class="saved_item_text">
                                                            Zapněte si oblíbené a upozorníme vás na novou akci
                                    		    </span>
                    </div>
                                </div>

                                                                                        <div id="price_1604" class="avg_price">Běžná cena: <span>18,70</span>&nbsp;Kč</div>
                            
                        </div>
                    </div>
                </div>
            </div>

            <div class="clear"></div>
                                    
    
<div class="relative product_discounts product_discounts_overview" id="product_1604">
    <table class="wide discounts_table">

                            
                        
                                        
            <tr data-product="1604" data-discount="5138483" class="log_discount discount_row only_discount" data-key="0.5-l" id="discount_5138483">
                <td width="60" class="text-left discounts_shop_image">
                                            <a href="/letaky/kaufland" class="product_link_history" data-product="nealkoholicke-pivo-bernard" title="Kaufland leták">
                            <img src="https://img.kupi.cz/kupi/thumbs/loga_shopy/kaufland-2_80.png" alt="Kaufland leták" width="50">
                        </a>
                                    </td>

                <td class="discounts_shop_info">
                    <span class="discounts_shop_name">
                        <a href="/letaky/kaufland" class="product_link_history" data-product="nealkoholicke-pivo-bernard" title="Kaufland">
                            <span>
                                                                    Kaufland
                                                                                                                                                                            </span>
                        </a>

                                                                    </span>

                    
                                            <div class="discounts_markets">
                                                            <a href="/obchod/kaufland/kaufland-kurim-blanenska" title="Kaufland" data-shop="Kaufland" class="product_link_history" data-product="nealkoholicke-pivo-bernard">platí pro 8 nejbližších poboček</a>
                                                    </div>
                                    </td>

                <td class="text-left discounts_price">
                    <span class="discount_price_label">cena</span>
                    <div class="left">
                        <strong class="discount_price_value">10,00&nbsp;Kč</strong>
                    </div>

                                            <div class="discount_amount left">
                            &nbsp;/&nbsp;0.5 l                        </div>
                    
                                            <div class="discount_percentage">&ndash;50&nbsp;%</div>
                    
                    <div class="clear"></div>

                    <span style="font-size: 12px;">
                                                                                                20,00&nbsp;Kč&nbsp;/&nbsp;1&nbsp;l                                                                                    </span>

                    
                                            <div class="discount_note">
                            +3 Kč záloha na láhev, max 40 ks/osoba/den                        </div>
                                    </td>

                <td class="text-left discounts_validity valid_discount">
                                                                        platí do úterý <span style="white-space: nowrap;">13. 9. </span>
                                                            </td>

                <td class="discounts_list_add">

                                            <div class="add_list_wrap">
                        


    
                                
        
        <div class="save_item_content nologin_save_item icon_only "
             data-idf="product_discounts_1604">
			<span class="link_content">
                
    <span class="spinner-absolute spinner-btn no_content hdn"><span class="js-loader"></span></span>

                <a data-rustmp="1" data-action="click" data-fn="rusInit" href="#"
                   aria-label="Přidat produkt do oblíbených - nutné přihlášení uživatele" style="line-height: 0;"
                   class="toggle_saved_item btn btn_default top_link link_heart " data-idf="product_discounts_1604" data-type="product"
                   data-item="1604"><span>Přidat produkt do oblíbených</span></a>
			</span>
                    </div>
                            </div>
                    
                                            <a data-product-id="1604" href="#5138483" role="button" aria-label="Přidat Nealkoholické pivo Bernard do nákupního seznamu" data-shop="4" data-price="10" data-product="Nealkoholické pivo Bernard" class="btn btn_colored btn_list_add no_login">Přidat</a>
                                    </td>
            </tr>
                        </table>
    
    <div class="discounts_show_all_shops only_discount" data-product="1604" style="display: none;">
        <a role="button" href="#1604" class="purple_link discount_all_shops only_discount">Další obchody (<span>-3</span>)</a>
    </div>
</div>

    <div class="product_price_from">
        od <strong>10,00&nbsp;Kč</strong>
    </div>
                            <div class="clear"></div>
        </div>

        
        
        
    

    
        <div class="group_discounts active" data-page="5">
            <div class="absolute product_target" id="148037" style="top: -80px;"></div>

            <div class="product_image">
                <a href="/sleva/nealkoholicke-pivo-ochucene-radler-zlatopramen" title="Nealkoholické pivo ochucené Radler Zlatopramen" aria-hidden="true" tabindex="-1" class="open_detail" class="product_link_history" data-product-id="148037" data-product="nealkoholicke-pivo-ochucene-radler-zlatopramen">
                    <img src="/img/no_img/no_discounts.png"
                         data-src="https://img.kupi.cz/kupi/thumbs/nealkoholicke-pivo-ochucene-zlatopramen_box_120_140.png"
                         alt="Nealkoholické pivo ochucené Radler Zlatopramen">
                </a>
                <span class="label-supplement">ilustrační obrázek</span>
            </div>

            <div class="relative product_discounts">
                <div class="wide left">
                    <div class="relative product_name_around" style="margin-right: 32px;">
                        <div data-product="148037" class="log_product product_name wide">
                            <h2>
                                <a title="Nealkoholické pivo ochucené Radler Zlatopramen" aria-label="Nealkoholické pivo ochucené Radler Zlatopramen v akci za 12,90 Kč" href="/sleva/nealkoholicke-pivo-ochucene-radler-zlatopramen" class="product_link_history" data-product="nealkoholicke-pivo-ochucene-radler-zlatopramen">
                                    <strong>Nealkoholické pivo ochucené Radler Zlatopramen</strong>
                                </a>

                                <span class="nowrap">
                                                                                                                                                                        <span>0.5 l</span>
                                                                                                                        
                                                                    </span>
                            </h2>

                            <div class="product_my_leaflet">
                                


    
                                
        
        <div class="save_item_content nologin_save_item  "
             data-idf="product_discounts_148037">
			<span class="link_content">
                
    <span class="spinner-absolute spinner-btn no_content hdn"><span class="js-loader"></span></span>

                <a data-rustmp="1" data-action="click" data-fn="rusInit" href="#"
                   aria-label="Přidat produkt do oblíbených - nutné přihlášení uživatele" style="line-height: 0;"
                   class="toggle_saved_item btn btn_default top_link link_heart " data-idf="product_discounts_148037" data-type="product"
                   data-item="148037"><span>Přidat produkt do oblíbených</span></a>
			</span>
                            <span class="saved_item_text">
                                                            Zapněte si oblíbené a upozorníme vás na novou akci
                                    		    </span>
                    </div>
                                </div>

                                                                                        <div id="price_148037" class="avg_price">Běžná cena: <span>19,32</span>&nbsp;Kč</div>
                            
                        </div>
                    </div>
                </div>
            </div>

            <div class="clear"></div>
                                    
    
<div class="relative product_discounts product_discounts_overview" id="product_148037">
    <table class="wide discounts_table">

                            
                        
                                        
            <tr data-product="148037" data-discount="5130029" class="log_discount discount_row only_discount" data-key="0.5-l" id="discount_5130029">
                <td width="60" class="text-left discounts_shop_image">
                                            <a href="/letaky/lidl" class="product_link_history" data-product="nealkoholicke-pivo-ochucene-radler-zlatopramen" title="Lidl leták">
                            <img src="https://img.kupi.cz/kupi/thumbs/loga_shopy/lidl_80.png" alt="Lidl leták" width="50">
                        </a>
                                    </td>

                <td class="discounts_shop_info">
                    <span class="discounts_shop_name">
                        <a href="/letaky/lidl" class="product_link_history" data-product="nealkoholicke-pivo-ochucene-radler-zlatopramen" title="Lidl">
                            <span>
                                                                    Lidl
                                                                                                                                                                            </span>
                        </a>

                                                                    </span>

                    
                                            <div class="discounts_markets">
                                                            <a href="/obchod/lidl/lidl-kurim" title="Lidl" data-shop="Lidl" class="product_link_history" data-product="nealkoholicke-pivo-ochucene-radler-zlatopramen">platí pro 21 nejbližších poboček</a>
                                                    </div>
                                    </td>

                <td class="text-left discounts_price">
                    <span class="discount_price_label">cena</span>
                    <div class="left">
                        <strong class="discount_price_value">12,90&nbsp;Kč</strong>
                    </div>

                                            <div class="discount_amount left">
                            &nbsp;/&nbsp;0.5 l                        </div>
                    
                                            <div class="discount_percentage">&ndash;35&nbsp;%</div>
                    
                    <div class="clear"></div>

                    <span style="font-size: 12px;">
                                                                                                25,80&nbsp;Kč&nbsp;/&nbsp;1&nbsp;l                                                                                    </span>

                    
                                            <div class="discount_note">
                            různé druhy, plech                        </div>
                                    </td>

                <td class="text-left discounts_validity valid_discount">
                                                                        dnes končí
                                                            </td>

                <td class="discounts_list_add">

                                            <div class="add_list_wrap">
                        


    
                                
        
        <div class="save_item_content nologin_save_item icon_only "
             data-idf="product_discounts_148037">
			<span class="link_content">
                
    <span class="spinner-absolute spinner-btn no_content hdn"><span class="js-loader"></span></span>

                <a data-rustmp="1" data-action="click" data-fn="rusInit" href="#"
                   aria-label="Přidat produkt do oblíbených - nutné přihlášení uživatele" style="line-height: 0;"
                   class="toggle_saved_item btn btn_default top_link link_heart " data-idf="product_discounts_148037" data-type="product"
                   data-item="148037"><span>Přidat produkt do oblíbených</span></a>
			</span>
                    </div>
                            </div>
                    
                                            <a data-product-id="148037" href="#5130029" role="button" aria-label="Přidat Nealkoholické pivo ochucené Radler Zlatopramen do nákupního seznamu" data-shop="6" data-price="12.9" data-product="Nealkoholické pivo ochucené Radler Zlatopramen" class="btn btn_colored btn_list_add no_login">Přidat</a>
                                    </td>
            </tr>
                    
            
            <tr data-product="148037" data-discount="5128676" class="log_discount discount_row only_discount" data-key="0.5-l" id="discount_5128676">
                <td width="60" class="text-left discounts_shop_image">
                                            <a href="/letaky/billa" class="product_link_history" data-product="nealkoholicke-pivo-ochucene-radler-zlatopramen" title="BILLA leták">
                            <img src="https://img.kupi.cz/kupi/thumbs/loga_shopy/billa_80.png" alt="BILLA leták" width="50">
                        </a>
                                    </td>

                <td class="discounts_shop_info">
                    <span class="discounts_shop_name">
                        <a href="/letaky/billa" class="product_link_history" data-product="nealkoholicke-pivo-ochucene-radler-zlatopramen" title="BILLA">
                            <span>
                                                                    BILLA
                                                                                                                                                                            </span>
                        </a>

                                                                    </span>

                    
                                            <div class="discounts_markets">
                                                            <a href="/obchod/billa/billa-brno-podperova" title="BILLA" data-shop="BILLA" class="product_link_history" data-product="nealkoholicke-pivo-ochucene-radler-zlatopramen">platí pro 14 nejbližších poboček</a>
                                                    </div>
                                    </td>

                <td class="text-left discounts_price">
                    <span class="discount_price_label">cena</span>
                    <div class="left">
                        <strong class="discount_price_value">13,90&nbsp;Kč</strong>
                    </div>

                                            <div class="discount_amount left">
                            &nbsp;/&nbsp;0.5 l                        </div>
                    
                    
                    <div class="clear"></div>

                    <span style="font-size: 12px;">
                                                                                                27,80&nbsp;Kč&nbsp;/&nbsp;1&nbsp;l                                                                                    </span>

                    
                                            <div class="discount_note">
                            3 druhy, plech                        </div>
                                    </td>

                <td class="text-left discounts_validity valid_discount">
                                                                        platí do neděle <span style="white-space: nowrap;">25. 9. </span>
                                                            </td>

                <td class="discounts_list_add">

                                            <div class="add_list_wrap">
                        


    
                                
        
        <div class="save_item_content nologin_save_item icon_only "
             data-idf="product_discounts_148037">
			<span class="link_content">
                
    <span class="spinner-absolute spinner-btn no_content hdn"><span class="js-loader"></span></span>

                <a data-rustmp="1" data-action="click" data-fn="rusInit" href="#"
                   aria-label="Přidat produkt do oblíbených - nutné přihlášení uživatele" style="line-height: 0;"
                   class="toggle_saved_item btn btn_default top_link link_heart " data-idf="product_discounts_148037" data-type="product"
                   data-item="148037"><span>Přidat produkt do oblíbených</span></a>
			</span>
                    </div>
                            </div>
                    
                                            <a data-product-id="148037" href="#5128676" role="button" aria-label="Přidat Nealkoholické pivo ochucené Radler Zlatopramen do nákupního seznamu" data-shop="5" data-price="13.9" data-product="Nealkoholické pivo ochucené Radler Zlatopramen" class="btn btn_colored btn_list_add no_login">Přidat</a>
                                    </td>
            </tr>
                        </table>
    
    <div class="discounts_show_all_shops only_discount" data-product="148037" style="display: none;">
        <a role="button" href="#148037" class="purple_link discount_all_shops only_discount">Další obchody (<span>-2</span>)</a>
    </div>
</div>

    <div class="product_price_from">
        od <strong>12,90&nbsp;Kč</strong>
    </div>
                            <div class="clear"></div>
        </div>

        
        
        
    

    
        <div class="group_discounts active" data-page="5">
            <div class="absolute product_target" id="28669" style="top: -80px;"></div>

            <div class="product_image">
                <a href="/sleva/nealkoholicke-pivo-ochucene-litovel" title="Nealkoholické pivo ochucené Litovel" aria-hidden="true" tabindex="-1" class="open_detail" class="product_link_history" data-product-id="28669" data-product="nealkoholicke-pivo-ochucene-litovel">
                    <img src="/img/no_img/no_discounts.png"
                         data-src="https://img.kupi.cz/kupi/thumbs/nealkoholicke-pivo-ochucene-litovel_box_120_140.jpg"
                         alt="Nealkoholické pivo ochucené Litovel">
                </a>
                <span class="label-supplement">ilustrační obrázek</span>
            </div>

            <div class="relative product_discounts">
                <div class="wide left">
                    <div class="relative product_name_around" style="margin-right: 32px;">
                        <div data-product="28669" class="log_product product_name wide">
                            <h2>
                                <a title="Nealkoholické pivo ochucené Litovel" aria-label="Nealkoholické pivo ochucené Litovel v akci za 14,90 Kč" href="/sleva/nealkoholicke-pivo-ochucene-litovel" class="product_link_history" data-product="nealkoholicke-pivo-ochucene-litovel">
                                    <strong>Nealkoholické pivo ochucené Litovel</strong>
                                </a>

                                <span class="nowrap">
                                                                                                                                                                        <span>0.5 l</span>
                                                                                                                        
                                                                    </span>
                            </h2>

                            <div class="product_my_leaflet">
                                


    
                                
        
        <div class="save_item_content nologin_save_item  "
             data-idf="product_discounts_28669">
			<span class="link_content">
                
    <span class="spinner-absolute spinner-btn no_content hdn"><span class="js-loader"></span></span>

                <a data-rustmp="1" data-action="click" data-fn="rusInit" href="#"
                   aria-label="Přidat produkt do oblíbených - nutné přihlášení uživatele" style="line-height: 0;"
                   class="toggle_saved_item btn btn_default top_link link_heart " data-idf="product_discounts_28669" data-type="product"
                   data-item="28669"><span>Přidat produkt do oblíbených</span></a>
			</span>
                            <span class="saved_item_text">
                                                            Zapněte si oblíbené a upozorníme vás na novou akci
                                    		    </span>
                    </div>
                                </div>

                                                                                        <div id="price_28669" class="avg_price">Běžná cena: <span>18,90</span>&nbsp;Kč</div>
                            
                        </div>
                    </div>
                </div>
            </div>

            <div class="clear"></div>
                                    
    
<div class="relative product_discounts product_discounts_overview" id="product_28669">
    <table class="wide discounts_table">

                            
                        
                                        
            <tr data-product="28669" data-discount="5128682" class="log_discount discount_row only_discount" data-key="0.5-l" id="discount_5128682">
                <td width="60" class="text-left discounts_shop_image">
                                            <a href="/letaky/billa" class="product_link_history" data-product="nealkoholicke-pivo-ochucene-litovel" title="BILLA leták">
                            <img src="https://img.kupi.cz/kupi/thumbs/loga_shopy/billa_80.png" alt="BILLA leták" width="50">
                        </a>
                                    </td>

                <td class="discounts_shop_info">
                    <span class="discounts_shop_name">
                        <a href="/letaky/billa" class="product_link_history" data-product="nealkoholicke-pivo-ochucene-litovel" title="BILLA">
                            <span>
                                                                    BILLA
                                                                                                                                                                            </span>
                        </a>

                                                                    </span>

                    
                                            <div class="discounts_markets">
                                                            <a href="/obchod/billa/billa-brno-podperova" title="BILLA" data-shop="BILLA" class="product_link_history" data-product="nealkoholicke-pivo-ochucene-litovel">platí pro 14 nejbližších poboček</a>
                                                    </div>
                                    </td>

                <td class="text-left discounts_price">
                    <span class="discount_price_label">cena</span>
                    <div class="left">
                        <strong class="discount_price_value">14,90&nbsp;Kč</strong>
                    </div>

                                            <div class="discount_amount left">
                            &nbsp;/&nbsp;0.5 l                        </div>
                    
                    
                    <div class="clear"></div>

                    <span style="font-size: 12px;">
                                                                                                29,80&nbsp;Kč&nbsp;/&nbsp;1&nbsp;l                                                                                    </span>

                    
                                            <div class="discount_note">
                            řezaný citron, černý citron, plech                        </div>
                                    </td>

                <td class="text-left discounts_validity valid_discount">
                                                                        platí do neděle <span style="white-space: nowrap;">25. 9. </span>
                                                            </td>

                <td class="discounts_list_add">

                                            <div class="add_list_wrap">
                        


    
                                
        
        <div class="save_item_content nologin_save_item icon_only "
             data-idf="product_discounts_28669">
			<span class="link_content">
                
    <span class="spinner-absolute spinner-btn no_content hdn"><span class="js-loader"></span></span>

                <a data-rustmp="1" data-action="click" data-fn="rusInit" href="#"
                   aria-label="Přidat produkt do oblíbených - nutné přihlášení uživatele" style="line-height: 0;"
                   class="toggle_saved_item btn btn_default top_link link_heart " data-idf="product_discounts_28669" data-type="product"
                   data-item="28669"><span>Přidat produkt do oblíbených</span></a>
			</span>
                    </div>
                            </div>
                    
                                            <a data-product-id="28669" href="#5128682" role="button" aria-label="Přidat Nealkoholické pivo ochucené Litovel do nákupního seznamu" data-shop="5" data-price="14.9" data-product="Nealkoholické pivo ochucené Litovel" class="btn btn_colored btn_list_add no_login">Přidat</a>
                                    </td>
            </tr>
                        </table>
    
    <div class="discounts_show_all_shops only_discount" data-product="28669" style="display: none;">
        <a role="button" href="#28669" class="purple_link discount_all_shops only_discount">Další obchody (<span>-3</span>)</a>
    </div>
</div>

    <div class="product_price_from">
        od <strong>14,90&nbsp;Kč</strong>
    </div>
                            <div class="clear"></div>
        </div>

        
        
        
    

    
        <div class="group_discounts active" data-page="5">
            <div class="absolute product_target" id="14616" style="top: -80px;"></div>

            <div class="product_image">
                <a href="/sleva/nealkoholicke-pivo-staropramen" title="Nealkoholické pivo Staropramen" aria-hidden="true" tabindex="-1" class="open_detail" class="product_link_history" data-product-id="14616" data-product="nealkoholicke-pivo-staropramen">
                    <img src="/img/no_img/no_discounts.png"
                         data-src="https://img.kupi.cz/kupi/thumbs/nealkoholicke-pivo-staropramen_box_120_140.jpg"
                         alt="Nealkoholické pivo Staropramen">
                </a>
                <span class="label-supplement">ilustrační obrázek</span>
            </div>

            <div class="relative product_discounts">
                <div class="wide left">
                    <div class="relative product_name_around" style="margin-right: 32px;">
                        <div data-product="14616" class="log_product product_name wide">
                            <h2>
                                <a title="Nealkoholické pivo Staropramen" aria-label="Nealkoholické pivo Staropramen v akci za 9,90 Kč" href="/sleva/nealkoholicke-pivo-staropramen" class="product_link_history" data-product="nealkoholicke-pivo-staropramen">
                                    <strong>Nealkoholické pivo Staropramen</strong>
                                </a>

                                <span class="nowrap">
                                                                                                                                                                        <span>0.5 l</span>
                                                                                                                        
                                                                    </span>
                            </h2>

                            <div class="product_my_leaflet">
                                


    
                                
        
        <div class="save_item_content nologin_save_item  "
             data-idf="product_discounts_14616">
			<span class="link_content">
                
    <span class="spinner-absolute spinner-btn no_content hdn"><span class="js-loader"></span></span>

                <a data-rustmp="1" data-action="click" data-fn="rusInit" href="#"
                   aria-label="Přidat produkt do oblíbených - nutné přihlášení uživatele" style="line-height: 0;"
                   class="toggle_saved_item btn btn_default top_link link_heart " data-idf="product_discounts_14616" data-type="product"
                   data-item="14616"><span>Přidat produkt do oblíbených</span></a>
			</span>
                            <span class="saved_item_text">
                                                            Zapněte si oblíbené a upozorníme vás na novou akci
                                    		    </span>
                    </div>
                                </div>

                                                                                        <div id="price_14616" class="avg_price">Běžná cena: <span>16,07</span>&nbsp;Kč</div>
                            
                        </div>
                    </div>
                </div>
            </div>

            <div class="clear"></div>
                                    
    
<div class="relative product_discounts product_discounts_overview" id="product_14616">
    <table class="wide discounts_table">

                            
                        
                                        
            <tr data-product="14616" data-discount="5127461" class="log_discount discount_row only_discount" data-key="0.5-l" id="discount_5127461">
                <td width="60" class="text-left discounts_shop_image">
                                            <a href="/letaky/flop" class="product_link_history" data-product="nealkoholicke-pivo-staropramen" title="FLOP leták">
                            <img src="https://img.kupi.cz/kupi/thumbs/loga_shopy/type-flop_80.png" alt="FLOP leták" width="50">
                        </a>
                                    </td>

                <td class="discounts_shop_info">
                    <span class="discounts_shop_name">
                        <a href="/letaky/flop" class="product_link_history" data-product="nealkoholicke-pivo-staropramen" title="FLOP">
                            <span>
                                                                    FLOP                                                            </span>
                        </a>

                                                                    </span>

                    
                                            <div class="discounts_markets">
                                                            <a href="/obchod/flop/flop-kurim" title="FLOP" data-shop="FLOP" class="product_link_history" data-product="nealkoholicke-pivo-staropramen">platí pro 7 nejbližších poboček</a>
                                                    </div>
                                    </td>

                <td class="text-left discounts_price">
                    <span class="discount_price_label">cena</span>
                    <div class="left">
                        <strong class="discount_price_value">9,90&nbsp;Kč</strong>
                    </div>

                                            <div class="discount_amount left">
                            &nbsp;/&nbsp;0.5 l                        </div>
                    
                    
                    <div class="clear"></div>

                    <span style="font-size: 12px;">
                                                                                                19,80&nbsp;Kč&nbsp;/&nbsp;1&nbsp;l                                                                                    </span>

                    
                                            <div class="discount_note">
                            +3 Kč záloha na láhev                        </div>
                                    </td>

                <td class="text-left discounts_validity valid_discount">
                                                                        dnes končí
                                                            </td>

                <td class="discounts_list_add">

                                            <div class="add_list_wrap">
                        


    
                                
        
        <div class="save_item_content nologin_save_item icon_only "
             data-idf="product_discounts_14616">
			<span class="link_content">
                
    <span class="spinner-absolute spinner-btn no_content hdn"><span class="js-loader"></span></span>

                <a data-rustmp="1" data-action="click" data-fn="rusInit" href="#"
                   aria-label="Přidat produkt do oblíbených - nutné přihlášení uživatele" style="line-height: 0;"
                   class="toggle_saved_item btn btn_default top_link link_heart " data-idf="product_discounts_14616" data-type="product"
                   data-item="14616"><span>Přidat produkt do oblíbených</span></a>
			</span>
                    </div>
                            </div>
                    
                                            <a data-product-id="14616" href="#5127461" role="button" aria-label="Přidat Nealkoholické pivo Staropramen do nákupního seznamu" data-shop="235" data-price="9.9" data-product="Nealkoholické pivo Staropramen" class="btn btn_colored btn_list_add no_login">Přidat</a>
                                    </td>
            </tr>
                    
            
            <tr data-product="14616" data-discount="5111113" class="log_discount discount_row only_discount" data-key="0.5-l" id="discount_5111113">
                <td width="60" class="text-left discounts_shop_image">
                                            <a href="/letaky/jip" class="product_link_history" data-product="nealkoholicke-pivo-staropramen" title="JIP leták">
                            <img src="https://img.kupi.cz/kupi/thumbs/loga_shopy/jip-1_80.png" alt="JIP leták" width="50">
                        </a>
                                    </td>

                <td class="discounts_shop_info">
                    <span class="discounts_shop_name">
                        <a href="/letaky/jip" class="product_link_history" data-product="nealkoholicke-pivo-staropramen" title="JIP">
                            <span>
                                                                    JIP
                                                                                                                                                                            </span>
                        </a>

                                                                    </span>

                    
                                            <div class="discounts_markets">
                                                            <a href="/obchod/jip/jip-brno-herspicka" title="JIP" data-shop="JIP" class="product_link_history" data-product="nealkoholicke-pivo-staropramen">platí pro 1 nejbližší pobočku</a>
                                                    </div>
                                    </td>

                <td class="text-left discounts_price">
                    <span class="discount_price_label">cena</span>
                    <div class="left">
                        <strong class="discount_price_value">10,90&nbsp;Kč</strong>
                    </div>

                                            <div class="discount_amount left">
                            &nbsp;/&nbsp;0.5 l                        </div>
                    
                    
                    <div class="clear"></div>

                    <span style="font-size: 12px;">
                                                                                                21,80&nbsp;Kč&nbsp;/&nbsp;1&nbsp;l                                                                                    </span>

                    
                                            <div class="discount_note">
                            +3 Kč záloha na láhev                        </div>
                                    </td>

                <td class="text-left discounts_validity valid_discount">
                                                                        zítra končí
                                                            </td>

                <td class="discounts_list_add">

                                            <div class="add_list_wrap">
                        


    
                                
        
        <div class="save_item_content nologin_save_item icon_only "
             data-idf="product_discounts_14616">
			<span class="link_content">
                
    <span class="spinner-absolute spinner-btn no_content hdn"><span class="js-loader"></span></span>

                <a data-rustmp="1" data-action="click" data-fn="rusInit" href="#"
                   aria-label="Přidat produkt do oblíbených - nutné přihlášení uživatele" style="line-height: 0;"
                   class="toggle_saved_item btn btn_default top_link link_heart " data-idf="product_discounts_14616" data-type="product"
                   data-item="14616"><span>Přidat produkt do oblíbených</span></a>
			</span>
                    </div>
                            </div>
                    
                                            <a data-product-id="14616" href="#5111113" role="button" aria-label="Přidat Nealkoholické pivo Staropramen do nákupního seznamu" data-shop="271" data-price="10.9" data-product="Nealkoholické pivo Staropramen" class="btn btn_colored btn_list_add no_login">Přidat</a>
                                    </td>
            </tr>
                        </table>
    
    <div class="discounts_show_all_shops only_discount" data-product="14616" style="display: none;">
        <a role="button" href="#14616" class="purple_link discount_all_shops only_discount">Další obchody (<span>-2</span>)</a>
    </div>
</div>

    <div class="product_price_from">
        od <strong>9,90&nbsp;Kč</strong>
    </div>
                            <div class="clear"></div>
        </div>

        
        
        
    

    
        <div class="group_discounts active" data-page="5">
            <div class="absolute product_target" id="343207" style="top: -80px;"></div>

            <div class="product_image">
                <a href="/sleva/nealkoholicke-pivo-ipa-birell" title="Nealkoholické pivo IPA Birell" aria-hidden="true" tabindex="-1" class="open_detail" class="product_link_history" data-product-id="343207" data-product="nealkoholicke-pivo-ipa-birell">
                    <img src="/img/no_img/no_discounts.png"
                         data-src="https://img.kupi.cz/kupi/thumbs/nealkoholicke-pivo-ipa-birell_box_120_140.jpg"
                         alt="Nealkoholické pivo IPA Birell">
                </a>
                <span class="label-supplement">ilustrační obrázek</span>
            </div>

            <div class="relative product_discounts">
                <div class="wide left">
                    <div class="relative product_name_around" style="margin-right: 32px;">
                        <div data-product="343207" class="log_product product_name wide">
                            <h2>
                                <a title="Nealkoholické pivo IPA Birell" aria-label="Nealkoholické pivo IPA Birell v akci za 14,90 Kč" href="/sleva/nealkoholicke-pivo-ipa-birell" class="product_link_history" data-product="nealkoholicke-pivo-ipa-birell">
                                    <strong>Nealkoholické pivo IPA Birell</strong>
                                </a>

                                <span class="nowrap">
                                                                                                                                                                        <span>0.5 l</span>
                                                                                                                        
                                                                    </span>
                            </h2>

                            <div class="product_my_leaflet">
                                


    
                                
        
        <div class="save_item_content nologin_save_item  "
             data-idf="product_discounts_343207">
			<span class="link_content">
                
    <span class="spinner-absolute spinner-btn no_content hdn"><span class="js-loader"></span></span>

                <a data-rustmp="1" data-action="click" data-fn="rusInit" href="#"
                   aria-label="Přidat produkt do oblíbených - nutné přihlášení uživatele" style="line-height: 0;"
                   class="toggle_saved_item btn btn_default top_link link_heart " data-idf="product_discounts_343207" data-type="product"
                   data-item="343207"><span>Přidat produkt do oblíbených</span></a>
			</span>
                            <span class="saved_item_text">
                                                            Zapněte si oblíbené a upozorníme vás na novou akci
                                    		    </span>
                    </div>
                                </div>

                                                                                        <div id="price_343207" class="avg_price">Běžná cena: <span>18,90</span>&nbsp;Kč</div>
                            
                        </div>
                    </div>
                </div>
            </div>

            <div class="clear"></div>
                                    
    
<div class="relative product_discounts product_discounts_overview" id="product_343207">
    <table class="wide discounts_table">

                            
                        
                                        
            <tr data-product="343207" data-discount="5132741" class="log_discount discount_row only_discount" data-key="0.5-l" id="discount_5132741">
                <td width="60" class="text-left discounts_shop_image">
                                            <a href="/letaky/albert" class="product_link_history" data-product="nealkoholicke-pivo-ipa-birell" title="Albert leták">
                            <img src="https://img.kupi.cz/kupi/thumbs/loga_shopy/albert-hypermarket_80.png" alt="Albert leták" width="50">
                        </a>
                                    </td>

                <td class="discounts_shop_info">
                    <span class="discounts_shop_name">
                        <a href="/letaky/albert" class="product_link_history" data-product="nealkoholicke-pivo-ipa-birell" title="Albert">
                            <span>
                                                                    Albert
                                                                                                                        hypermarket
                                                                                                                                        </span>
                        </a>

                                                                    </span>

                    
                                            <div class="discounts_markets">
                                                            <a href="/obchod/albert/albert-brno-tkalcovska" title="Albert" data-shop="Albert" class="product_link_history" data-product="nealkoholicke-pivo-ipa-birell">platí pro 5 nejbližších poboček</a>
                                                    </div>
                                    </td>

                <td class="text-left discounts_price">
                    <span class="discount_price_label">cena</span>
                    <div class="left">
                        <strong class="discount_price_value">14,90&nbsp;Kč</strong>
                    </div>

                                            <div class="discount_amount left">
                            &nbsp;/&nbsp;0.5 l                        </div>
                    
                                            <div class="discount_percentage">&ndash;21&nbsp;%</div>
                    
                    <div class="clear"></div>

                    <span style="font-size: 12px;">
                                                                                                29,80&nbsp;Kč&nbsp;/&nbsp;1&nbsp;l                                                                                    </span>

                    
                                            <div class="discount_note">
                            +3 Kč záloha na láhev                        </div>
                                    </td>

                <td class="text-left discounts_validity valid_discount">
                                                                        platí do úterý <span style="white-space: nowrap;">20. 9. </span>
                                                            </td>

                <td class="discounts_list_add">

                                            <div class="add_list_wrap">
                        


    
                                
        
        <div class="save_item_content nologin_save_item icon_only "
             data-idf="product_discounts_343207">
			<span class="link_content">
                
    <span class="spinner-absolute spinner-btn no_content hdn"><span class="js-loader"></span></span>

                <a data-rustmp="1" data-action="click" data-fn="rusInit" href="#"
                   aria-label="Přidat produkt do oblíbených - nutné přihlášení uživatele" style="line-height: 0;"
                   class="toggle_saved_item btn btn_default top_link link_heart " data-idf="product_discounts_343207" data-type="product"
                   data-item="343207"><span>Přidat produkt do oblíbených</span></a>
			</span>
                    </div>
                            </div>
                    
                                            <a data-product-id="343207" href="#5132741" role="button" aria-label="Přidat Nealkoholické pivo IPA Birell do nákupního seznamu" data-shop="3" data-price="14.9" data-product="Nealkoholické pivo IPA Birell" class="btn btn_colored btn_list_add no_login">Přidat</a>
                                    </td>
            </tr>
                        </table>
    
    <div class="discounts_show_all_shops only_discount" data-product="343207" style="display: none;">
        <a role="button" href="#343207" class="purple_link discount_all_shops only_discount">Další obchody (<span>-3</span>)</a>
    </div>
</div>

    <div class="product_price_from">
        od <strong>14,90&nbsp;Kč</strong>
    </div>
                            <div class="clear"></div>
        </div>

        
        
        
    

    
        <div class="group_discounts active" data-page="5">
            <div class="absolute product_target" id="35772" style="top: -80px;"></div>

            <div class="product_image">
                <a href="/sleva/nealkoholicke-pivo-starocech" title="Nealkoholické pivo Staročech" aria-hidden="true" tabindex="-1" class="open_detail" class="product_link_history" data-product-id="35772" data-product="nealkoholicke-pivo-starocech">
                    <img src="/img/no_img/no_discounts.png"
                         data-src="https://img.kupi.cz/kupi/thumbs/pivo-nealkoholicke-starocech_box_120_140.jpg"
                         alt="Nealkoholické pivo Staročech">
                </a>
                <span class="label-supplement">ilustrační obrázek</span>
            </div>

            <div class="relative product_discounts">
                <div class="wide left">
                    <div class="relative product_name_around" style="margin-right: 32px;">
                        <div data-product="35772" class="log_product product_name wide">
                            <h2>
                                <a title="Nealkoholické pivo Staročech" aria-label="Nealkoholické pivo Staročech v akci za 6,90 Kč" href="/sleva/nealkoholicke-pivo-starocech" class="product_link_history" data-product="nealkoholicke-pivo-starocech">
                                    <strong>Nealkoholické pivo Staročech</strong>
                                </a>

                                <span class="nowrap">
                                                                                                                                                                        <span>0.5 l</span>
                                                                                                                        
                                                                    </span>
                            </h2>

                            <div class="product_my_leaflet">
                                


    
                                
        
        <div class="save_item_content nologin_save_item  "
             data-idf="product_discounts_35772">
			<span class="link_content">
                
    <span class="spinner-absolute spinner-btn no_content hdn"><span class="js-loader"></span></span>

                <a data-rustmp="1" data-action="click" data-fn="rusInit" href="#"
                   aria-label="Přidat produkt do oblíbených - nutné přihlášení uživatele" style="line-height: 0;"
                   class="toggle_saved_item btn btn_default top_link link_heart " data-idf="product_discounts_35772" data-type="product"
                   data-item="35772"><span>Přidat produkt do oblíbených</span></a>
			</span>
                            <span class="saved_item_text">
                                                            Zapněte si oblíbené a upozorníme vás na novou akci
                                    		    </span>
                    </div>
                                </div>

                                                                                        <div id="price_35772" class="avg_price">Běžná cena: <span>9,05</span>&nbsp;Kč</div>
                            
                        </div>
                    </div>
                </div>
            </div>

            <div class="clear"></div>
                                    
    
<div class="relative product_discounts product_discounts_overview" id="product_35772">
    <table class="wide discounts_table">

                            
                        
                                        
            <tr data-product="35772" data-discount="5143799" class="log_discount discount_row only_discount" data-key="0.5-l" id="discount_5143799">
                <td width="60" class="text-left discounts_shop_image">
                                            <a href="/letaky/penny-market" class="product_link_history" data-product="nealkoholicke-pivo-starocech" title="Penny Market leták">
                            <img src="https://img.kupi.cz/kupi/thumbs/loga_shopy/penny-market_80.png" alt="Penny Market leták" width="50">
                        </a>
                                    </td>

                <td class="discounts_shop_info">
                    <span class="discounts_shop_name">
                        <a href="/letaky/penny-market" class="product_link_history" data-product="nealkoholicke-pivo-starocech" title="Penny Market">
                            <span>
                                                                    Penny Market
                                                                                                                                                                            </span>
                        </a>

                                                                    </span>

                    
                                            <div class="discounts_markets">
                                                            <a href="/obchod/penny-market/penny-market-kurim" title="Penny Market" data-shop="Penny Market" class="product_link_history" data-product="nealkoholicke-pivo-starocech">platí pro 21 nejbližších poboček</a>
                                                    </div>
                                    </td>

                <td class="text-left discounts_price">
                    <span class="discount_price_label">cena</span>
                    <div class="left">
                        <strong class="discount_price_value">6,90&nbsp;Kč</strong>
                    </div>

                                            <div class="discount_amount left">
                            &nbsp;/&nbsp;0.5 l                        </div>
                    
                                            <div class="discount_percentage">&ndash;13&nbsp;%</div>
                    
                    <div class="clear"></div>

                    <span style="font-size: 12px;">
                                                                                                13,80&nbsp;Kč&nbsp;/&nbsp;1&nbsp;l                                                                                    </span>

                    
                                            <div class="discount_note">
                            +3 Kč záloha na láhev                        </div>
                                    </td>

                <td class="text-left discounts_validity valid_discount">
                                                                        platí do středy <span style="white-space: nowrap;">14. 9. </span>
                                                            </td>

                <td class="discounts_list_add">

                                            <div class="add_list_wrap">
                        


    
                                
        
        <div class="save_item_content nologin_save_item icon_only "
             data-idf="product_discounts_35772">
			<span class="link_content">
                
    <span class="spinner-absolute spinner-btn no_content hdn"><span class="js-loader"></span></span>

                <a data-rustmp="1" data-action="click" data-fn="rusInit" href="#"
                   aria-label="Přidat produkt do oblíbených - nutné přihlášení uživatele" style="line-height: 0;"
                   class="toggle_saved_item btn btn_default top_link link_heart " data-idf="product_discounts_35772" data-type="product"
                   data-item="35772"><span>Přidat produkt do oblíbených</span></a>
			</span>
                    </div>
                            </div>
                    
                                            <a data-product-id="35772" href="#5143799" role="button" aria-label="Přidat Nealkoholické pivo Staročech do nákupního seznamu" data-shop="7" data-price="6.9" data-product="Nealkoholické pivo Staročech" class="btn btn_colored btn_list_add no_login">Přidat</a>
                                    </td>
            </tr>
                        </table>
    
    <div class="discounts_show_all_shops only_discount" data-product="35772" style="display: none;">
        <a role="button" href="#35772" class="purple_link discount_all_shops only_discount">Další obchody (<span>-3</span>)</a>
    </div>
</div>

    <div class="product_price_from">
        od <strong>6,90&nbsp;Kč</strong>
    </div>
                            <div class="clear"></div>
        </div>

        
        
        
    

    
        <div class="group_discounts active" data-page="5">
            <div class="absolute product_target" id="394666" style="top: -80px;"></div>

            <div class="product_image">
                <a href="/sleva/nealkoholicke-pivo-ochucene-birgo" title="Nealkoholické pivo ochucené Birgo" aria-hidden="true" tabindex="-1" class="open_detail" class="product_link_history" data-product-id="394666" data-product="nealkoholicke-pivo-ochucene-birgo">
                    <img src="/img/no_img/no_discounts.png"
                         data-src="https://img.kupi.cz/kupi/thumbs/napoj-pivni-mix-nealkoholicky-birgo_box_120_140.png"
                         alt="Nealkoholické pivo ochucené Birgo">
                </a>
                <span class="label-supplement">ilustrační obrázek</span>
            </div>

            <div class="relative product_discounts">
                <div class="wide left">
                    <div class="relative product_name_around" style="margin-right: 32px;">
                        <div data-product="394666" class="log_product product_name wide">
                            <h2>
                                <a title="Nealkoholické pivo ochucené Birgo" aria-label="Nealkoholické pivo ochucené Birgo v akci za 8,05 Kč" href="/sleva/nealkoholicke-pivo-ochucene-birgo" class="product_link_history" data-product="nealkoholicke-pivo-ochucene-birgo">
                                    <strong>Nealkoholické pivo ochucené Birgo</strong>
                                </a>

                                <span class="nowrap">
                                                                                                                                                                        <span>0.5 l</span>
                                                                                                                        
                                                                    </span>
                            </h2>

                            <div class="product_my_leaflet">
                                


    
                                
        
        <div class="save_item_content nologin_save_item  "
             data-idf="product_discounts_394666">
			<span class="link_content">
                
    <span class="spinner-absolute spinner-btn no_content hdn"><span class="js-loader"></span></span>

                <a data-rustmp="1" data-action="click" data-fn="rusInit" href="#"
                   aria-label="Přidat produkt do oblíbených - nutné přihlášení uživatele" style="line-height: 0;"
                   class="toggle_saved_item btn btn_default top_link link_heart " data-idf="product_discounts_394666" data-type="product"
                   data-item="394666"><span>Přidat produkt do oblíbených</span></a>
			</span>
                            <span class="saved_item_text">
                                                            Zapněte si oblíbené a upozorníme vás na novou akci
                                    		    </span>
                    </div>
                                </div>

                                                                                        <div id="price_394666" class="avg_price">Běžná cena: <span>20,29</span>&nbsp;Kč</div>
                            
                        </div>
                    </div>
                </div>
            </div>

            <div class="clear"></div>
                                    
    
<div class="relative product_discounts product_discounts_overview" id="product_394666">
    <table class="wide discounts_table">

                            
                        
                                        
            <tr data-product="394666" data-discount="5122520" class="log_discount discount_row only_discount" data-key="0.5-l" id="discount_5122520">
                <td width="60" class="text-left discounts_shop_image">
                                            <a href="/letaky/makro" class="product_link_history" data-product="nealkoholicke-pivo-ochucene-birgo" title="Makro leták">
                            <img src="https://img.kupi.cz/kupi/thumbs/loga_shopy/makro_80.png" alt="Makro leták" width="50">
                        </a>
                                    </td>

                <td class="discounts_shop_info">
                    <span class="discounts_shop_name">
                        <a href="/letaky/makro" class="product_link_history" data-product="nealkoholicke-pivo-ochucene-birgo" title="Makro">
                            <span>
                                                                    Makro
                                                                                                                                                                            </span>
                        </a>

                                                                    </span>

                    
                                            <div class="discounts_markets">
                                                            <a href="/obchod/makro/makro-brno-turany" title="Makro" data-shop="Makro" class="product_link_history" data-product="nealkoholicke-pivo-ochucene-birgo">platí pro 1 nejbližší pobočku</a>
                                                    </div>
                                    </td>

                <td class="text-left discounts_price">
                    <span class="discount_price_label">cena</span>
                    <div class="left">
                        <strong class="discount_price_value">8,05&nbsp;Kč</strong>
                    </div>

                                            <div class="discount_amount left">
                            &nbsp;/&nbsp;0.5 l                        </div>
                    
                    
                    <div class="clear"></div>

                    <span style="font-size: 12px;">
                                                                                                16,10&nbsp;Kč&nbsp;/&nbsp;1&nbsp;l                                                                                    </span>

                                            <div class="discounts_club">
                            Platí pro členy klubu
                        </div>
                    
                                            <div class="discount_note">
                            různé druhy, plech, akční cena pouze při zakoupení 2x (4x 0,5 l), platí pouze s mobilní aplikací                        </div>
                                    </td>

                <td class="text-left discounts_validity valid_discount">
                                                                        dnes končí
                                                            </td>

                <td class="discounts_list_add">

                                            <div class="add_list_wrap">
                        


    
                                
        
        <div class="save_item_content nologin_save_item icon_only "
             data-idf="product_discounts_394666">
			<span class="link_content">
                
    <span class="spinner-absolute spinner-btn no_content hdn"><span class="js-loader"></span></span>

                <a data-rustmp="1" data-action="click" data-fn="rusInit" href="#"
                   aria-label="Přidat produkt do oblíbených - nutné přihlášení uživatele" style="line-height: 0;"
                   class="toggle_saved_item btn btn_default top_link link_heart " data-idf="product_discounts_394666" data-type="product"
                   data-item="394666"><span>Přidat produkt do oblíbených</span></a>
			</span>
                    </div>
                            </div>
                    
                                            <a data-product-id="394666" href="#5122520" role="button" aria-label="Přidat Nealkoholické pivo ochucené Birgo do nákupního seznamu" data-shop="20" data-price="8.05" data-product="Nealkoholické pivo ochucené Birgo" class="btn btn_colored btn_list_add no_login">Přidat</a>
                                    </td>
            </tr>
                    
            
            <tr data-product="394666" data-discount="5105107" class="log_discount discount_row only_discount" data-key="0.5-l" id="discount_5105107">
                <td width="60" class="text-left discounts_shop_image">
                                            <a href="/letaky/tesco" class="product_link_history" data-product="nealkoholicke-pivo-ochucene-birgo" title="Tesco leták">
                            <img src="https://img.kupi.cz/kupi/thumbs/loga_shopy/tesco-hypermarket_80.png" alt="Tesco leták" width="50">
                        </a>
                                    </td>

                <td class="discounts_shop_info">
                    <span class="discounts_shop_name">
                        <a href="/letaky/tesco" class="product_link_history" data-product="nealkoholicke-pivo-ochucene-birgo" title="Tesco">
                            <span>
                                                                    Tesco
                                                                            
                                                                                                </span>
                        </a>

                                                                    </span>

                    
                                            <div class="discounts_markets">
                                                            <a href="/obchod/tesco/tesco-brno-cimburkova" title="Tesco" data-shop="Tesco" class="product_link_history" data-product="nealkoholicke-pivo-ochucene-birgo">platí pro 8 nejbližších poboček</a>
                                                    </div>
                                    </td>

                <td class="text-left discounts_price">
                    <span class="discount_price_label">cena</span>
                    <div class="left">
                        <strong class="discount_price_value">14,90&nbsp;Kč</strong>
                    </div>

                                            <div class="discount_amount left">
                            &nbsp;/&nbsp;0.5 l                        </div>
                    
                                            <div class="discount_percentage">&ndash;25&nbsp;%</div>
                    
                    <div class="clear"></div>

                    <span style="font-size: 12px;">
                                                                                                29,80&nbsp;Kč&nbsp;/&nbsp;1&nbsp;l                                                                                    </span>

                                            <div class="discounts_club">
                            Platí pro členy klubu
                        </div>
                    
                                            <div class="discount_note">
                            různé druhy, plech                        </div>
                                    </td>

                <td class="text-left discounts_validity valid_discount">
                                                                        platí do úterý <span style="white-space: nowrap;">13. 9. </span>
                                                            </td>

                <td class="discounts_list_add">

                                            <div class="add_list_wrap">
                        


    
                                
        
        <div class="save_item_content nologin_save_item icon_only "
             data-idf="product_discounts_394666">
			<span class="link_content">
                
    <span class="spinner-absolute spinner-btn no_content hdn"><span class="js-loader"></span></span>

                <a data-rustmp="1" data-action="click" data-fn="rusInit" href="#"
                   aria-label="Přidat produkt do oblíbených - nutné přihlášení uživatele" style="line-height: 0;"
                   class="toggle_saved_item btn btn_default top_link link_heart " data-idf="product_discounts_394666" data-type="product"
                   data-item="394666"><span>Přidat produkt do oblíbených</span></a>
			</span>
                    </div>
                            </div>
                    
                                            <a data-product-id="394666" href="#5105107" role="button" aria-label="Přidat Nealkoholické pivo ochucené Birgo do nákupního seznamu" data-shop="1" data-price="14.9" data-product="Nealkoholické pivo ochucené Birgo" class="btn btn_colored btn_list_add no_login">Přidat</a>
                                    </td>
            </tr>
                    
            
            <tr data-product="394666" data-discount="5132738" class="log_discount discount_row only_discount" data-key="0.5-l" id="discount_5132738">
                <td width="60" class="text-left discounts_shop_image">
                                            <a href="/letaky/albert" class="product_link_history" data-product="nealkoholicke-pivo-ochucene-birgo" title="Albert leták">
                            <img src="https://img.kupi.cz/kupi/thumbs/loga_shopy/albert-hypermarket_80.png" alt="Albert leták" width="50">
                        </a>
                                    </td>

                <td class="discounts_shop_info">
                    <span class="discounts_shop_name">
                        <a href="/letaky/albert" class="product_link_history" data-product="nealkoholicke-pivo-ochucene-birgo" title="Albert">
                            <span>
                                                                    Albert
                                                                                                                        hypermarket
                                                                                                                                        </span>
                        </a>

                                                                    </span>

                    
                                            <div class="discounts_markets">
                                                            <a href="/obchod/albert/albert-brno-tkalcovska" title="Albert" data-shop="Albert" class="product_link_history" data-product="nealkoholicke-pivo-ochucene-birgo">platí pro 5 nejbližších poboček</a>
                                                    </div>
                                    </td>

                <td class="text-left discounts_price">
                    <span class="discount_price_label">cena</span>
                    <div class="left">
                        <strong class="discount_price_value">14,90&nbsp;Kč</strong>
                    </div>

                                            <div class="discount_amount left">
                            &nbsp;/&nbsp;0.5 l                        </div>
                    
                                            <div class="discount_percentage">&ndash;25&nbsp;%</div>
                    
                    <div class="clear"></div>

                    <span style="font-size: 12px;">
                                                                                                29,80&nbsp;Kč&nbsp;/&nbsp;1&nbsp;l                                                                                    </span>

                    
                                            <div class="discount_note">
                            plech                        </div>
                                    </td>

                <td class="text-left discounts_validity valid_discount">
                                                                        platí do úterý <span style="white-space: nowrap;">20. 9. </span>
                                                            </td>

                <td class="discounts_list_add">

                                            <div class="add_list_wrap">
                        


    
                                
        
        <div class="save_item_content nologin_save_item icon_only "
             data-idf="product_discounts_394666">
			<span class="link_content">
                
    <span class="spinner-absolute spinner-btn no_content hdn"><span class="js-loader"></span></span>

                <a data-rustmp="1" data-action="click" data-fn="rusInit" href="#"
                   aria-label="Přidat produkt do oblíbených - nutné přihlášení uživatele" style="line-height: 0;"
                   class="toggle_saved_item btn btn_default top_link link_heart " data-idf="product_discounts_394666" data-type="product"
                   data-item="394666"><span>Přidat produkt do oblíbených</span></a>
			</span>
                    </div>
                            </div>
                    
                                            <a data-product-id="394666" href="#5132738" role="button" aria-label="Přidat Nealkoholické pivo ochucené Birgo do nákupního seznamu" data-shop="3" data-price="14.9" data-product="Nealkoholické pivo ochucené Birgo" class="btn btn_colored btn_list_add no_login">Přidat</a>
                                    </td>
            </tr>
                    
            
            <tr data-product="394666" data-discount="5143472" class="log_discount discount_row only_discount" data-key="0.5-l" id="discount_5143472">
                <td width="60" class="text-left discounts_shop_image">
                                            <a href="/letaky/globus" class="product_link_history" data-product="nealkoholicke-pivo-ochucene-birgo" title="Globus leták">
                            <img src="https://img.kupi.cz/kupi/thumbs/loga_shopy/globus_80.png" alt="Globus leták" width="50">
                        </a>
                                    </td>

                <td class="discounts_shop_info">
                    <span class="discounts_shop_name">
                        <a href="/letaky/globus" class="product_link_history" data-product="nealkoholicke-pivo-ochucene-birgo" title="Globus">
                            <span>
                                                                    Globus
                                                                                                                                                                            </span>
                        </a>

                                                                    </span>

                    
                                            <div class="discounts_markets">
                                                            <a href="/obchod/globus/globus-brno-ivanovice" title="Globus" data-shop="Globus" class="product_link_history" data-product="nealkoholicke-pivo-ochucene-birgo">platí pro 1 nejbližší pobočku</a>
                                                    </div>
                                    </td>

                <td class="text-left discounts_price">
                    <span class="discount_price_label">cena</span>
                    <div class="left">
                        <strong class="discount_price_value">14,90&nbsp;Kč</strong>
                    </div>

                                            <div class="discount_amount left">
                            &nbsp;/&nbsp;0.5 l                        </div>
                    
                                            <div class="discount_percentage">&ndash;25&nbsp;%</div>
                    
                    <div class="clear"></div>

                    <span style="font-size: 12px;">
                                                                                                29,80&nbsp;Kč&nbsp;/&nbsp;1&nbsp;l                                                                                    </span>

                    
                                            <div class="discount_note">
                            různé druhy, plech                        </div>
                                    </td>

                <td class="text-left discounts_validity valid_discount">
                                                                        platí do středy <span style="white-space: nowrap;">21. 9. </span>
                                                            </td>

                <td class="discounts_list_add">

                                            <div class="add_list_wrap">
                        


    
                                
        
        <div class="save_item_content nologin_save_item icon_only "
             data-idf="product_discounts_394666">
			<span class="link_content">
                
    <span class="spinner-absolute spinner-btn no_content hdn"><span class="js-loader"></span></span>

                <a data-rustmp="1" data-action="click" data-fn="rusInit" href="#"
                   aria-label="Přidat produkt do oblíbených - nutné přihlášení uživatele" style="line-height: 0;"
                   class="toggle_saved_item btn btn_default top_link link_heart " data-idf="product_discounts_394666" data-type="product"
                   data-item="394666"><span>Přidat produkt do oblíbených</span></a>
			</span>
                    </div>
                            </div>
                    
                                            <a data-product-id="394666" href="#5143472" role="button" aria-label="Přidat Nealkoholické pivo ochucené Birgo do nákupního seznamu" data-shop="27" data-price="14.9" data-product="Nealkoholické pivo ochucené Birgo" class="btn btn_colored btn_list_add no_login">Přidat</a>
                                    </td>
            </tr>
                    
            
            <tr data-product="394666" data-discount="5093686" class="log_discount discount_row only_discount hidden_discount" data-key="0.5-l" id="discount_5093686">
                <td width="60" class="text-left discounts_shop_image">
                                            <a href="/letaky/billa" class="product_link_history" data-product="nealkoholicke-pivo-ochucene-birgo" title="BILLA leták">
                            <img src="https://img.kupi.cz/kupi/thumbs/loga_shopy/billa_80.png" alt="BILLA leták" width="50">
                        </a>
                                    </td>

                <td class="discounts_shop_info">
                    <span class="discounts_shop_name">
                        <a href="/letaky/billa" class="product_link_history" data-product="nealkoholicke-pivo-ochucene-birgo" title="BILLA">
                            <span>
                                                                    BILLA
                                                                                                                                                                            </span>
                        </a>

                                                                    </span>

                    
                                            <div class="discounts_markets">
                                                            <a href="/obchod/billa/billa-brno-podperova" title="BILLA" data-shop="BILLA" class="product_link_history" data-product="nealkoholicke-pivo-ochucene-birgo">platí pro 14 nejbližších poboček</a>
                                                    </div>
                                    </td>

                <td class="text-left discounts_price">
                    <span class="discount_price_label">cena</span>
                    <div class="left">
                        <strong class="discount_price_value">14,90&nbsp;Kč</strong>
                    </div>

                                            <div class="discount_amount left">
                            &nbsp;/&nbsp;0.5 l                        </div>
                    
                    
                    <div class="clear"></div>

                    <span style="font-size: 12px;">
                                                                                                29,80&nbsp;Kč&nbsp;/&nbsp;1&nbsp;l                                                                                    </span>

                    
                                            <div class="discount_note">
                            3 druhy, plech                        </div>
                                    </td>

                <td class="text-left discounts_validity valid_discount">
                                                                        dnes končí
                                                            </td>

                <td class="discounts_list_add">

                                            <div class="add_list_wrap">
                        


    
                                
        
        <div class="save_item_content nologin_save_item icon_only "
             data-idf="product_discounts_394666">
			<span class="link_content">
                
    <span class="spinner-absolute spinner-btn no_content hdn"><span class="js-loader"></span></span>

                <a data-rustmp="1" data-action="click" data-fn="rusInit" href="#"
                   aria-label="Přidat produkt do oblíbených - nutné přihlášení uživatele" style="line-height: 0;"
                   class="toggle_saved_item btn btn_default top_link link_heart " data-idf="product_discounts_394666" data-type="product"
                   data-item="394666"><span>Přidat produkt do oblíbených</span></a>
			</span>
                    </div>
                            </div>
                    
                                            <a data-product-id="394666" href="#5093686" role="button" aria-label="Přidat Nealkoholické pivo ochucené Birgo do nákupního seznamu" data-shop="5" data-price="14.9" data-product="Nealkoholické pivo ochucené Birgo" class="btn btn_colored btn_list_add no_login">Přidat</a>
                                    </td>
            </tr>
                    
            
            <tr data-product="394666" data-discount="5109829" class="log_discount discount_row only_discount hidden_discount" data-key="0.5-l" id="discount_5109829">
                <td width="60" class="text-left discounts_shop_image">
                                            <a href="/letaky/flop" class="product_link_history" data-product="nealkoholicke-pivo-ochucene-birgo" title="FLOP leták">
                            <img src="https://img.kupi.cz/kupi/thumbs/loga_shopy/type-flop_80.png" alt="FLOP leták" width="50">
                        </a>
                                    </td>

                <td class="discounts_shop_info">
                    <span class="discounts_shop_name">
                        <a href="/letaky/flop" class="product_link_history" data-product="nealkoholicke-pivo-ochucene-birgo" title="FLOP">
                            <span>
                                                                    FLOP                                                            </span>
                        </a>

                                                                    </span>

                    
                                            <div class="discounts_markets">
                                                            <a href="/obchod/flop/flop-kurim" title="FLOP" data-shop="FLOP" class="product_link_history" data-product="nealkoholicke-pivo-ochucene-birgo">platí pro 7 nejbližších poboček</a>
                                                    </div>
                                    </td>

                <td class="text-left discounts_price">
                    <span class="discount_price_label">cena</span>
                    <div class="left">
                        <strong class="discount_price_value">17,90&nbsp;Kč</strong>
                    </div>

                                            <div class="discount_amount left">
                            &nbsp;/&nbsp;0.5 l                        </div>
                    
                    
                    <div class="clear"></div>

                    <span style="font-size: 12px;">
                                                                                                35,80&nbsp;Kč&nbsp;/&nbsp;1&nbsp;l                                                                                    </span>

                    
                                            <div class="discount_note">
                            různé druhy, plech                        </div>
                                    </td>

                <td class="text-left discounts_validity valid_discount">
                                                                        dnes končí
                                                            </td>

                <td class="discounts_list_add">

                                            <div class="add_list_wrap">
                        


    
                                
        
        <div class="save_item_content nologin_save_item icon_only "
             data-idf="product_discounts_394666">
			<span class="link_content">
                
    <span class="spinner-absolute spinner-btn no_content hdn"><span class="js-loader"></span></span>

                <a data-rustmp="1" data-action="click" data-fn="rusInit" href="#"
                   aria-label="Přidat produkt do oblíbených - nutné přihlášení uživatele" style="line-height: 0;"
                   class="toggle_saved_item btn btn_default top_link link_heart " data-idf="product_discounts_394666" data-type="product"
                   data-item="394666"><span>Přidat produkt do oblíbených</span></a>
			</span>
                    </div>
                            </div>
                    
                                            <a data-product-id="394666" href="#5109829" role="button" aria-label="Přidat Nealkoholické pivo ochucené Birgo do nákupního seznamu" data-shop="235" data-price="17.9" data-product="Nealkoholické pivo ochucené Birgo" class="btn btn_colored btn_list_add no_login">Přidat</a>
                                    </td>
            </tr>
                        </table>
    
    <div class="discounts_show_all_shops only_discount" data-product="394666">
        <a role="button" href="#394666" class="purple_link discount_all_shops only_discount">Další obchody (<span>2</span>)</a>
    </div>
</div>

    <div class="product_price_from">
        od <strong>8,05&nbsp;Kč</strong>
    </div>
                            <div class="clear"></div>
        </div>

        
        
        
    

    
        <div class="group_discounts active" data-page="5">
            <div class="absolute product_target" id="32445" style="top: -80px;"></div>

            <div class="product_image">
                <a href="/sleva/nealkoholicke-pivo-stella-artois" title="Nealkoholické pivo Stella Artois" aria-hidden="true" tabindex="-1" class="open_detail" class="product_link_history" data-product-id="32445" data-product="nealkoholicke-pivo-stella-artois">
                    <img src="/img/no_img/no_discounts.png"
                         data-src="https://img.kupi.cz/kupi/thumbs/nealkoholicke-pivo-stella-artois-1_box_120_140.jpg"
                         alt="Nealkoholické pivo Stella Artois">
                </a>
                <span class="label-supplement">ilustrační obrázek</span>
            </div>

            <div class="relative product_discounts">
                <div class="wide left">
                    <div class="relative product_name_around" style="margin-right: 32px;">
                        <div data-product="32445" class="log_product product_name wide">
                            <h2>
                                <a title="Nealkoholické pivo Stella Artois" aria-label="Nealkoholické pivo Stella Artois v akci za 13,23 Kč" href="/sleva/nealkoholicke-pivo-stella-artois" class="product_link_history" data-product="nealkoholicke-pivo-stella-artois">
                                    <strong>Nealkoholické pivo Stella Artois</strong>
                                </a>

                                <span class="nowrap">
                                                                                                                                                                        <span>0.33 l</span>
                                                                                                                        
                                                                    </span>
                            </h2>

                            <div class="product_my_leaflet">
                                


    
                                
        
        <div class="save_item_content nologin_save_item  "
             data-idf="product_discounts_32445">
			<span class="link_content">
                
    <span class="spinner-absolute spinner-btn no_content hdn"><span class="js-loader"></span></span>

                <a data-rustmp="1" data-action="click" data-fn="rusInit" href="#"
                   aria-label="Přidat produkt do oblíbených - nutné přihlášení uživatele" style="line-height: 0;"
                   class="toggle_saved_item btn btn_default top_link link_heart " data-idf="product_discounts_32445" data-type="product"
                   data-item="32445"><span>Přidat produkt do oblíbených</span></a>
			</span>
                            <span class="saved_item_text">
                                                            Zapněte si oblíbené a upozorníme vás na novou akci
                                    		    </span>
                    </div>
                                </div>

                                                                                        <div id="price_32445" class="avg_price">Běžná cena: <span>19,90</span>&nbsp;Kč</div>
                            
                        </div>
                    </div>
                </div>
            </div>

            <div class="clear"></div>
                                    
    
<div class="relative product_discounts product_discounts_overview" id="product_32445">
    <table class="wide discounts_table">

                            
                        
                                        
            <tr data-product="32445" data-discount="5118491" class="log_discount discount_row only_discount" data-key="0.33-l" id="discount_5118491">
                <td width="60" class="text-left discounts_shop_image">
                                            <a href="/letaky/makro" class="product_link_history" data-product="nealkoholicke-pivo-stella-artois" title="Makro leták">
                            <img src="https://img.kupi.cz/kupi/thumbs/loga_shopy/makro_80.png" alt="Makro leták" width="50">
                        </a>
                                    </td>

                <td class="discounts_shop_info">
                    <span class="discounts_shop_name">
                        <a href="/letaky/makro" class="product_link_history" data-product="nealkoholicke-pivo-stella-artois" title="Makro">
                            <span>
                                                                    Makro
                                                                                                                                                                            </span>
                        </a>

                                                                    </span>

                    
                                            <div class="discounts_markets">
                                                            <a href="/obchod/makro/makro-brno-turany" title="Makro" data-shop="Makro" class="product_link_history" data-product="nealkoholicke-pivo-stella-artois">platí pro 1 nejbližší pobočku</a>
                                                    </div>
                                    </td>

                <td class="text-left discounts_price">
                    <span class="discount_price_label">cena</span>
                    <div class="left">
                        <strong class="discount_price_value">13,23&nbsp;Kč</strong>
                    </div>

                                            <div class="discount_amount left">
                            &nbsp;/&nbsp;0.33 l                        </div>
                    
                    
                    <div class="clear"></div>

                    <span style="font-size: 12px;">
                                                                                                40,09&nbsp;Kč&nbsp;/&nbsp;1&nbsp;l                                                                                    </span>

                    
                                            <div class="discount_note">
                            akční cena pouze při zakoupení 24x 0,33 l                        </div>
                                    </td>

                <td class="text-left discounts_validity valid_discount">
                                                                        platí do úterý <span style="white-space: nowrap;">13. 9. </span>
                                                            </td>

                <td class="discounts_list_add">

                                            <div class="add_list_wrap">
                        


    
                                
        
        <div class="save_item_content nologin_save_item icon_only "
             data-idf="product_discounts_32445">
			<span class="link_content">
                
    <span class="spinner-absolute spinner-btn no_content hdn"><span class="js-loader"></span></span>

                <a data-rustmp="1" data-action="click" data-fn="rusInit" href="#"
                   aria-label="Přidat produkt do oblíbených - nutné přihlášení uživatele" style="line-height: 0;"
                   class="toggle_saved_item btn btn_default top_link link_heart " data-idf="product_discounts_32445" data-type="product"
                   data-item="32445"><span>Přidat produkt do oblíbených</span></a>
			</span>
                    </div>
                            </div>
                    
                                            <a data-product-id="32445" href="#5118491" role="button" aria-label="Přidat Nealkoholické pivo Stella Artois do nákupního seznamu" data-shop="20" data-price="13.23" data-product="Nealkoholické pivo Stella Artois" class="btn btn_colored btn_list_add no_login">Přidat</a>
                                    </td>
            </tr>
                        </table>
    
    <div class="discounts_show_all_shops only_discount" data-product="32445" style="display: none;">
        <a role="button" href="#32445" class="purple_link discount_all_shops only_discount">Další obchody (<span>-3</span>)</a>
    </div>
</div>

    <div class="product_price_from">
        od <strong>13,23&nbsp;Kč</strong>
    </div>
                            <div class="clear"></div>
        </div>

        
        
        
    

    
        <div class="group_discounts active" data-page="5">
            <div class="absolute product_target" id="40821" style="top: -80px;"></div>

            <div class="product_image">
                <a href="/sleva/nealkoholicke-pivo-bertold" title="Nealkoholické pivo Bertold" aria-hidden="true" tabindex="-1" class="open_detail" class="product_link_history" data-product-id="40821" data-product="nealkoholicke-pivo-bertold">
                    <img src="/img/no_img/no_discounts.png"
                         data-src="https://img.kupi.cz/kupi/thumbs/pivo-nealkoholicke-bertold_box_120_140.jpg"
                         alt="Nealkoholické pivo Bertold">
                </a>
                <span class="label-supplement">ilustrační obrázek</span>
            </div>

            <div class="relative product_discounts">
                <div class="wide left">
                    <div class="relative product_name_around" style="margin-right: 32px;">
                        <div data-product="40821" class="log_product product_name wide">
                            <h2>
                                <a title="Nealkoholické pivo Bertold" aria-label="Nealkoholické pivo Bertold v akci za 7,90 Kč" href="/sleva/nealkoholicke-pivo-bertold" class="product_link_history" data-product="nealkoholicke-pivo-bertold">
                                    <strong>Nealkoholické pivo Bertold</strong>
                                </a>

                                <span class="nowrap">
                                                                                                                                                                        <span>0.5 l</span>
                                                                                                                        
                                                                    </span>
                            </h2>

                            <div class="product_my_leaflet">
                                


    
                                
        
        <div class="save_item_content nologin_save_item  "
             data-idf="product_discounts_40821">
			<span class="link_content">
                
    <span class="spinner-absolute spinner-btn no_content hdn"><span class="js-loader"></span></span>

                <a data-rustmp="1" data-action="click" data-fn="rusInit" href="#"
                   aria-label="Přidat produkt do oblíbených - nutné přihlášení uživatele" style="line-height: 0;"
                   class="toggle_saved_item btn btn_default top_link link_heart " data-idf="product_discounts_40821" data-type="product"
                   data-item="40821"><span>Přidat produkt do oblíbených</span></a>
			</span>
                            <span class="saved_item_text">
                                                            Zapněte si oblíbené a upozorníme vás na novou akci
                                    		    </span>
                    </div>
                                </div>

                                                                                        <div id="price_40821" class="avg_price">Běžná cena: <span>10,40</span>&nbsp;Kč</div>
                            
                        </div>
                    </div>
                </div>
            </div>

            <div class="clear"></div>
                                    
    
<div class="relative product_discounts product_discounts_overview" id="product_40821">
    <table class="wide discounts_table">

                            
                        
                                        
            <tr data-product="40821" data-discount="5135306" class="log_discount discount_row only_discount" data-key="0.5-l" id="discount_5135306">
                <td width="60" class="text-left discounts_shop_image">
                                            <a href="/letaky/albert" class="product_link_history" data-product="nealkoholicke-pivo-bertold" title="Albert leták">
                            <img src="https://img.kupi.cz/kupi/thumbs/loga_shopy/albert-supermarket_80.png" alt="Albert leták" width="50">
                        </a>
                                    </td>

                <td class="discounts_shop_info">
                    <span class="discounts_shop_name">
                        <a href="/letaky/albert" class="product_link_history" data-product="nealkoholicke-pivo-bertold" title="Albert">
                            <span>
                                                                    Albert
                                                                                                                        supermarket
                                                                                                                                        </span>
                        </a>

                                                                    </span>

                    
                                            <div class="discounts_markets">
                                                            <a href="/obchod/albert/albert-kurim" title="Albert" data-shop="Albert" class="product_link_history" data-product="nealkoholicke-pivo-bertold">platí pro 33 nejbližších poboček</a>
                                                    </div>
                                    </td>

                <td class="text-left discounts_price">
                    <span class="discount_price_label">cena</span>
                    <div class="left">
                        <strong class="discount_price_value">7,90&nbsp;Kč</strong>
                    </div>

                                            <div class="discount_amount left">
                            &nbsp;/&nbsp;0.5 l                        </div>
                    
                                            <div class="discount_percentage">&ndash;28&nbsp;%</div>
                    
                    <div class="clear"></div>

                    <span style="font-size: 12px;">
                                                                                                15,80&nbsp;Kč&nbsp;/&nbsp;1&nbsp;l                                                                                    </span>

                    
                                            <div class="discount_note">
                            plech                        </div>
                                    </td>

                <td class="text-left discounts_validity valid_discount">
                                                                        platí do úterý <span style="white-space: nowrap;">13. 9. </span>
                                                            </td>

                <td class="discounts_list_add">

                                            <div class="add_list_wrap">
                        


    
                                
        
        <div class="save_item_content nologin_save_item icon_only "
             data-idf="product_discounts_40821">
			<span class="link_content">
                
    <span class="spinner-absolute spinner-btn no_content hdn"><span class="js-loader"></span></span>

                <a data-rustmp="1" data-action="click" data-fn="rusInit" href="#"
                   aria-label="Přidat produkt do oblíbených - nutné přihlášení uživatele" style="line-height: 0;"
                   class="toggle_saved_item btn btn_default top_link link_heart " data-idf="product_discounts_40821" data-type="product"
                   data-item="40821"><span>Přidat produkt do oblíbených</span></a>
			</span>
                    </div>
                            </div>
                    
                                            <a data-product-id="40821" href="#5135306" role="button" aria-label="Přidat Nealkoholické pivo Bertold do nákupního seznamu" data-shop="3" data-price="7.9" data-product="Nealkoholické pivo Bertold" class="btn btn_colored btn_list_add no_login">Přidat</a>
                                    </td>
            </tr>
                        </table>
    
    <div class="discounts_show_all_shops only_discount" data-product="40821" style="display: none;">
        <a role="button" href="#40821" class="purple_link discount_all_shops only_discount">Další obchody (<span>-3</span>)</a>
    </div>
</div>

    <div class="product_price_from">
        od <strong>7,90&nbsp;Kč</strong>
    </div>
                            <div class="clear"></div>
        </div>

        
        
        
    

    
        <div class="group_discounts active" data-page="5">
            <div class="absolute product_target" id="28723" style="top: -80px;"></div>

            <div class="product_image">
                <a href="/sleva/nealkoholicke-pivo-strizlik-postrizinske-pivovar-nymburk" title="Nealkoholické pivo Střízlík Postřižinské Pivovar Nymburk" aria-hidden="true" tabindex="-1" class="open_detail" class="product_link_history" data-product-id="28723" data-product="nealkoholicke-pivo-strizlik-postrizinske-pivovar-nymburk">
                    <img src="/img/no_img/no_discounts.png"
                         data-src="https://img.kupi.cz/kupi/thumbs/pivo-postrizinske-strizlik_box_120_140.jpg"
                         alt="Nealkoholické pivo Střízlík Postřižinské Pivovar Nymburk">
                </a>
                <span class="label-supplement">ilustrační obrázek</span>
            </div>

            <div class="relative product_discounts">
                <div class="wide left">
                    <div class="relative product_name_around" style="margin-right: 32px;">
                        <div data-product="28723" class="log_product product_name wide">
                            <h2>
                                <a title="Nealkoholické pivo Střízlík Postřižinské Pivovar Nymburk" aria-label="Nealkoholické pivo Střízlík Postřižinské Pivovar Nymburk v akci za 8,90 Kč" href="/sleva/nealkoholicke-pivo-strizlik-postrizinske-pivovar-nymburk" class="product_link_history" data-product="nealkoholicke-pivo-strizlik-postrizinske-pivovar-nymburk">
                                    <strong>Nealkoholické pivo Střízlík Postřižinské Pivovar Nymburk</strong>
                                </a>

                                <span class="nowrap">
                                                                                                                                                                        <span>0.5 l</span>
                                                                                                                        
                                                                    </span>
                            </h2>

                            <div class="product_my_leaflet">
                                


    
                                
        
        <div class="save_item_content nologin_save_item  "
             data-idf="product_discounts_28723">
			<span class="link_content">
                
    <span class="spinner-absolute spinner-btn no_content hdn"><span class="js-loader"></span></span>

                <a data-rustmp="1" data-action="click" data-fn="rusInit" href="#"
                   aria-label="Přidat produkt do oblíbených - nutné přihlášení uživatele" style="line-height: 0;"
                   class="toggle_saved_item btn btn_default top_link link_heart " data-idf="product_discounts_28723" data-type="product"
                   data-item="28723"><span>Přidat produkt do oblíbených</span></a>
			</span>
                            <span class="saved_item_text">
                                                            Zapněte si oblíbené a upozorníme vás na novou akci
                                    		    </span>
                    </div>
                                </div>

                                                                                        <div id="price_28723" class="avg_price inactive">Běžná cena: <span>0,00</span>&nbsp;Kč</div>
                            
                        </div>
                    </div>
                </div>
            </div>

            <div class="clear"></div>
                                    
    
<div class="relative product_discounts product_discounts_overview" id="product_28723">
    <table class="wide discounts_table">

                            
                        
                                        
            <tr data-product="28723" data-discount="5128655" class="log_discount discount_row only_discount" data-key="0.5-l" id="discount_5128655">
                <td width="60" class="text-left discounts_shop_image">
                                            <a href="/letaky/billa" class="product_link_history" data-product="nealkoholicke-pivo-strizlik-postrizinske-pivovar-nymburk" title="BILLA leták">
                            <img src="https://img.kupi.cz/kupi/thumbs/loga_shopy/billa_80.png" alt="BILLA leták" width="50">
                        </a>
                                    </td>

                <td class="discounts_shop_info">
                    <span class="discounts_shop_name">
                        <a href="/letaky/billa" class="product_link_history" data-product="nealkoholicke-pivo-strizlik-postrizinske-pivovar-nymburk" title="BILLA">
                            <span>
                                                                    BILLA
                                                                                                                                                                            </span>
                        </a>

                                                                    </span>

                    
                                            <div class="discounts_markets">
                                                            <a href="/obchod/billa/billa-brno-podperova" title="BILLA" data-shop="BILLA" class="product_link_history" data-product="nealkoholicke-pivo-strizlik-postrizinske-pivovar-nymburk">platí pro 14 nejbližších poboček</a>
                                                    </div>
                                    </td>

                <td class="text-left discounts_price">
                    <span class="discount_price_label">cena</span>
                    <div class="left">
                        <strong class="discount_price_value">8,90&nbsp;Kč</strong>
                    </div>

                                            <div class="discount_amount left">
                            &nbsp;/&nbsp;0.5 l                        </div>
                    
                    
                    <div class="clear"></div>

                    <span style="font-size: 12px;">
                                                                                                17,80&nbsp;Kč&nbsp;/&nbsp;1&nbsp;l                                                                                    </span>

                    
                                            <div class="discount_note">
                            plech                        </div>
                                    </td>

                <td class="text-left discounts_validity valid_discount">
                                                                        platí do neděle <span style="white-space: nowrap;">25. 9. </span>
                                                            </td>

                <td class="discounts_list_add">

                                            <div class="add_list_wrap">
                        


    
                                
        
        <div class="save_item_content nologin_save_item icon_only "
             data-idf="product_discounts_28723">
			<span class="link_content">
                
    <span class="spinner-absolute spinner-btn no_content hdn"><span class="js-loader"></span></span>

                <a data-rustmp="1" data-action="click" data-fn="rusInit" href="#"
                   aria-label="Přidat produkt do oblíbených - nutné přihlášení uživatele" style="line-height: 0;"
                   class="toggle_saved_item btn btn_default top_link link_heart " data-idf="product_discounts_28723" data-type="product"
                   data-item="28723"><span>Přidat produkt do oblíbených</span></a>
			</span>
                    </div>
                            </div>
                    
                                            <a data-product-id="28723" href="#5128655" role="button" aria-label="Přidat Nealkoholické pivo Střízlík Postřižinské Pivovar Nymburk do nákupního seznamu" data-shop="5" data-price="8.9" data-product="Nealkoholické pivo Střízlík Postřižinské Pivovar Nymburk" class="btn btn_colored btn_list_add no_login">Přidat</a>
                                    </td>
            </tr>
                        </table>
    
    <div class="discounts_show_all_shops only_discount" data-product="28723" style="display: none;">
        <a role="button" href="#28723" class="purple_link discount_all_shops only_discount">Další obchody (<span>-3</span>)</a>
    </div>
</div>

    <div class="product_price_from">
        od <strong>8,90&nbsp;Kč</strong>
    </div>
                            <div class="clear"></div>
        </div>

        
        
        
    

    
        <div class="group_discounts active" data-page="5">
            <div class="absolute product_target" id="220020" style="top: -80px;"></div>

            <div class="product_image">
                <a href="/sleva/nealkoholicke-pivo-bez-lepku-pivovar-ferdinand" title="Nealkoholické pivo bez lepku Pivovar Ferdinand" aria-hidden="true" tabindex="-1" class="open_detail" class="product_link_history" data-product-id="220020" data-product="nealkoholicke-pivo-bez-lepku-pivovar-ferdinand">
                    <img src="/img/no_img/no_discounts.png"
                         data-src="https://img.kupi.cz/kupi/thumbs/pivo-nealkoholicke-bez-lepku-pivovar-ferdinand_box_120_140.jpg"
                         alt="Nealkoholické pivo bez lepku Pivovar Ferdinand">
                </a>
                <span class="label-supplement">ilustrační obrázek</span>
            </div>

            <div class="relative product_discounts">
                <div class="wide left">
                    <div class="relative product_name_around" style="margin-right: 32px;">
                        <div data-product="220020" class="log_product product_name wide">
                            <h2>
                                <a title="Nealkoholické pivo bez lepku Pivovar Ferdinand" aria-label="Nealkoholické pivo bez lepku Pivovar Ferdinand v akci za 18,90 Kč" href="/sleva/nealkoholicke-pivo-bez-lepku-pivovar-ferdinand" class="product_link_history" data-product="nealkoholicke-pivo-bez-lepku-pivovar-ferdinand">
                                    <strong>Nealkoholické pivo bez lepku Pivovar Ferdinand</strong>
                                </a>

                                <span class="nowrap">
                                                                                                                                                                        <span>0.5 l</span>
                                                                                                                        
                                                                    </span>
                            </h2>

                            <div class="product_my_leaflet">
                                


    
                                
        
        <div class="save_item_content nologin_save_item  "
             data-idf="product_discounts_220020">
			<span class="link_content">
                
    <span class="spinner-absolute spinner-btn no_content hdn"><span class="js-loader"></span></span>

                <a data-rustmp="1" data-action="click" data-fn="rusInit" href="#"
                   aria-label="Přidat produkt do oblíbených - nutné přihlášení uživatele" style="line-height: 0;"
                   class="toggle_saved_item btn btn_default top_link link_heart " data-idf="product_discounts_220020" data-type="product"
                   data-item="220020"><span>Přidat produkt do oblíbených</span></a>
			</span>
                            <span class="saved_item_text">
                                                            Zapněte si oblíbené a upozorníme vás na novou akci
                                    		    </span>
                    </div>
                                </div>

                                                                                        <div id="price_220020" class="avg_price">Běžná cena: <span>23,90</span>&nbsp;Kč</div>
                            
                        </div>
                    </div>
                </div>
            </div>

            <div class="clear"></div>
                                    
    
<div class="relative product_discounts product_discounts_overview" id="product_220020">
    <table class="wide discounts_table">

                            
                        
                                        
            <tr data-product="220020" data-discount="5117792" class="log_discount discount_row only_discount" data-key="0.5-l" id="discount_5117792">
                <td width="60" class="text-left discounts_shop_image">
                                            <a href="/letaky/globus" class="product_link_history" data-product="nealkoholicke-pivo-bez-lepku-pivovar-ferdinand" title="Globus leták">
                            <img src="https://img.kupi.cz/kupi/thumbs/loga_shopy/globus_80.png" alt="Globus leták" width="50">
                        </a>
                                    </td>

                <td class="discounts_shop_info">
                    <span class="discounts_shop_name">
                        <a href="/letaky/globus" class="product_link_history" data-product="nealkoholicke-pivo-bez-lepku-pivovar-ferdinand" title="Globus">
                            <span>
                                                                    Globus
                                                                                                                                                                            </span>
                        </a>

                                                                    </span>

                    
                                            <div class="discounts_markets">
                                                            <a href="/obchod/globus/globus-brno-ivanovice" title="Globus" data-shop="Globus" class="product_link_history" data-product="nealkoholicke-pivo-bez-lepku-pivovar-ferdinand">platí pro 1 nejbližší pobočku</a>
                                                    </div>
                                    </td>

                <td class="text-left discounts_price">
                    <span class="discount_price_label">cena</span>
                    <div class="left">
                        <strong class="discount_price_value">18,90&nbsp;Kč</strong>
                    </div>

                                            <div class="discount_amount left">
                            &nbsp;/&nbsp;0.5 l                        </div>
                    
                                            <div class="discount_percentage">&ndash;21&nbsp;%</div>
                    
                    <div class="clear"></div>

                    <span style="font-size: 12px;">
                                                                                                37,80&nbsp;Kč&nbsp;/&nbsp;1&nbsp;l                                                                                    </span>

                    
                                            <div class="discount_note">
                            +3 Kč záloha na láhev                        </div>
                                    </td>

                <td class="text-left discounts_validity valid_discount">
                                                                        platí do středy <span style="white-space: nowrap;">21. 9. </span>
                                                            </td>

                <td class="discounts_list_add">

                                            <div class="add_list_wrap">
                        


    
                                
        
        <div class="save_item_content nologin_save_item icon_only "
             data-idf="product_discounts_220020">
			<span class="link_content">
                
    <span class="spinner-absolute spinner-btn no_content hdn"><span class="js-loader"></span></span>

                <a data-rustmp="1" data-action="click" data-fn="rusInit" href="#"
                   aria-label="Přidat produkt do oblíbených - nutné přihlášení uživatele" style="line-height: 0;"
                   class="toggle_saved_item btn btn_default top_link link_heart " data-idf="product_discounts_220020" data-type="product"
                   data-item="220020"><span>Přidat produkt do oblíbených</span></a>
			</span>
                    </div>
                            </div>
                    
                                            <a data-product-id="220020" href="#5117792" role="button" aria-label="Přidat Nealkoholické pivo bez lepku Pivovar Ferdinand do nákupního seznamu" data-shop="27" data-price="18.9" data-product="Nealkoholické pivo bez lepku Pivovar Ferdinand" class="btn btn_colored btn_list_add no_login">Přidat</a>
                                    </td>
            </tr>
                        </table>
    
    <div class="discounts_show_all_shops only_discount" data-product="220020" style="display: none;">
        <a role="button" href="#220020" class="purple_link discount_all_shops only_discount">Další obchody (<span>-3</span>)</a>
    </div>
</div>

    <div class="product_price_from">
        od <strong>18,90&nbsp;Kč</strong>
    </div>
                            <div class="clear"></div>
        </div>

        
        
        
    

    
        <div class="group_discounts active" data-page="5">
            <div class="absolute product_target" id="231525" style="top: -80px;"></div>

            <div class="product_image">
                <a href="/sleva/nealkoholicke-pivo-ochucene-konrad" title="Nealkoholické pivo ochucené Konrad" aria-hidden="true" tabindex="-1" class="open_detail" class="product_link_history" data-product-id="231525" data-product="nealkoholicke-pivo-ochucene-konrad">
                    <img src="/img/no_img/no_discounts.png"
                         data-src="https://img.kupi.cz/kupi/thumbs/nealkoholicke-pivo-ochucene-chytron-konrad_box_120_140.png"
                         alt="Nealkoholické pivo ochucené Konrad">
                </a>
                <span class="label-supplement">ilustrační obrázek</span>
            </div>

            <div class="relative product_discounts">
                <div class="wide left">
                    <div class="relative product_name_around" style="margin-right: 32px;">
                        <div data-product="231525" class="log_product product_name wide">
                            <h2>
                                <a title="Nealkoholické pivo ochucené Konrad" aria-label="Nealkoholické pivo ochucené Konrad v akci za 9,90 Kč" href="/sleva/nealkoholicke-pivo-ochucene-konrad" class="product_link_history" data-product="nealkoholicke-pivo-ochucene-konrad">
                                    <strong>Nealkoholické pivo ochucené Konrad</strong>
                                </a>

                                <span class="nowrap">
                                                                                                                                                                        <span>0.5 l</span>
                                                                                                                        
                                                                    </span>
                            </h2>

                            <div class="product_my_leaflet">
                                


    
                                
        
        <div class="save_item_content nologin_save_item  "
             data-idf="product_discounts_231525">
			<span class="link_content">
                
    <span class="spinner-absolute spinner-btn no_content hdn"><span class="js-loader"></span></span>

                <a data-rustmp="1" data-action="click" data-fn="rusInit" href="#"
                   aria-label="Přidat produkt do oblíbených - nutné přihlášení uživatele" style="line-height: 0;"
                   class="toggle_saved_item btn btn_default top_link link_heart " data-idf="product_discounts_231525" data-type="product"
                   data-item="231525"><span>Přidat produkt do oblíbených</span></a>
			</span>
                            <span class="saved_item_text">
                                                            Zapněte si oblíbené a upozorníme vás na novou akci
                                    		    </span>
                    </div>
                                </div>

                                                                                        <div id="price_231525" class="avg_price">Běžná cena: <span>12,40</span>&nbsp;Kč</div>
                            
                        </div>
                    </div>
                </div>
            </div>

            <div class="clear"></div>
                                    
    
<div class="relative product_discounts product_discounts_overview" id="product_231525">
    <table class="wide discounts_table">

                            
                        
                                        
            <tr data-product="231525" data-discount="5144411" class="log_discount discount_row only_discount" data-key="0.5-l" id="discount_5144411">
                <td width="60" class="text-left discounts_shop_image">
                                            <a href="/letaky/penny-market" class="product_link_history" data-product="nealkoholicke-pivo-ochucene-konrad" title="Penny Market leták">
                            <img src="https://img.kupi.cz/kupi/thumbs/loga_shopy/penny-market_80.png" alt="Penny Market leták" width="50">
                        </a>
                                    </td>

                <td class="discounts_shop_info">
                    <span class="discounts_shop_name">
                        <a href="/letaky/penny-market" class="product_link_history" data-product="nealkoholicke-pivo-ochucene-konrad" title="Penny Market">
                            <span>
                                                                    Penny Market
                                                                                                                                                                            </span>
                        </a>

                                                                    </span>

                    
                                            <div class="discounts_markets">
                                                            <a href="/obchod/penny-market/penny-market-kurim" title="Penny Market" data-shop="Penny Market" class="product_link_history" data-product="nealkoholicke-pivo-ochucene-konrad">platí pro 21 nejbližších poboček</a>
                                                    </div>
                                    </td>

                <td class="text-left discounts_price">
                    <span class="discount_price_label">cena</span>
                    <div class="left">
                        <strong class="discount_price_value">9,90&nbsp;Kč</strong>
                    </div>

                                            <div class="discount_amount left">
                            &nbsp;/&nbsp;0.5 l                        </div>
                    
                                            <div class="discount_percentage">&ndash;17&nbsp;%</div>
                    
                    <div class="clear"></div>

                    <span style="font-size: 12px;">
                                                                                                19,80&nbsp;Kč&nbsp;/&nbsp;1&nbsp;l                                                                                    </span>

                    
                                            <div class="discount_note">
                            chytron, plech                        </div>
                                    </td>

                <td class="text-left discounts_validity valid_discount">
                                                                        platí do středy <span style="white-space: nowrap;">14. 9. </span>
                                                            </td>

                <td class="discounts_list_add">

                                            <div class="add_list_wrap">
                        


    
                                
        
        <div class="save_item_content nologin_save_item icon_only "
             data-idf="product_discounts_231525">
			<span class="link_content">
                
    <span class="spinner-absolute spinner-btn no_content hdn"><span class="js-loader"></span></span>

                <a data-rustmp="1" data-action="click" data-fn="rusInit" href="#"
                   aria-label="Přidat produkt do oblíbených - nutné přihlášení uživatele" style="line-height: 0;"
                   class="toggle_saved_item btn btn_default top_link link_heart " data-idf="product_discounts_231525" data-type="product"
                   data-item="231525"><span>Přidat produkt do oblíbených</span></a>
			</span>
                    </div>
                            </div>
                    
                                            <a data-product-id="231525" href="#5144411" role="button" aria-label="Přidat Nealkoholické pivo ochucené Konrad do nákupního seznamu" data-shop="7" data-price="9.9" data-product="Nealkoholické pivo ochucené Konrad" class="btn btn_colored btn_list_add no_login">Přidat</a>
                                    </td>
            </tr>
                        </table>
    
    <div class="discounts_show_all_shops only_discount" data-product="231525" style="display: none;">
        <a role="button" href="#231525" class="purple_link discount_all_shops only_discount">Další obchody (<span>-3</span>)</a>
    </div>
</div>

    <div class="product_price_from">
        od <strong>9,90&nbsp;Kč</strong>
    </div>
                            <div class="clear"></div>
        </div>

        
        
        
    

    
        <div class="group_discounts active" data-page="5">
            <div class="absolute product_target" id="399097" style="top: -80px;"></div>

            <div class="product_image">
                <a href="/sleva/nealkoholicke-pivo-holba" title="Nealkoholické pivo Holba" aria-hidden="true" tabindex="-1" class="open_detail" class="product_link_history" data-product-id="399097" data-product="nealkoholicke-pivo-holba">
                    <img src="/img/no_img/no_discounts.png"
                         data-src="https://img.kupi.cz/kupi/thumbs/nealkoholicke-pivo-holba_box_120_140.jpg"
                         alt="Nealkoholické pivo Holba">
                </a>
                <span class="label-supplement">ilustrační obrázek</span>
            </div>

            <div class="relative product_discounts">
                <div class="wide left">
                    <div class="relative product_name_around" style="margin-right: 32px;">
                        <div data-product="399097" class="log_product product_name wide">
                            <h2>
                                <a title="Nealkoholické pivo Holba" aria-label="Nealkoholické pivo Holba v akci za 10,90 Kč" href="/sleva/nealkoholicke-pivo-holba" class="product_link_history" data-product="nealkoholicke-pivo-holba">
                                    <strong>Nealkoholické pivo Holba</strong>
                                </a>

                                <span class="nowrap">
                                                                                                                                                                        <span>0.5 l</span>
                                                                                                                        
                                                                    </span>
                            </h2>

                            <div class="product_my_leaflet">
                                


    
                                
        
        <div class="save_item_content nologin_save_item  "
             data-idf="product_discounts_399097">
			<span class="link_content">
                
    <span class="spinner-absolute spinner-btn no_content hdn"><span class="js-loader"></span></span>

                <a data-rustmp="1" data-action="click" data-fn="rusInit" href="#"
                   aria-label="Přidat produkt do oblíbených - nutné přihlášení uživatele" style="line-height: 0;"
                   class="toggle_saved_item btn btn_default top_link link_heart " data-idf="product_discounts_399097" data-type="product"
                   data-item="399097"><span>Přidat produkt do oblíbených</span></a>
			</span>
                            <span class="saved_item_text">
                                                            Zapněte si oblíbené a upozorníme vás na novou akci
                                    		    </span>
                    </div>
                                </div>

                                                                                        <div id="price_399097" class="avg_price">Běžná cena: <span>14,90</span>&nbsp;Kč</div>
                            
                        </div>
                    </div>
                </div>
            </div>

            <div class="clear"></div>
                                    
    
<div class="relative product_discounts product_discounts_overview" id="product_399097">
    <table class="wide discounts_table">

                            
                        
                                        
            <tr data-product="399097" data-discount="5139464" class="log_discount discount_row only_discount" data-key="0.5-l" id="discount_5139464">
                <td width="60" class="text-left discounts_shop_image">
                                            <a href="/letaky/kaufland" class="product_link_history" data-product="nealkoholicke-pivo-holba" title="Kaufland leták">
                            <img src="https://img.kupi.cz/kupi/thumbs/loga_shopy/kaufland-2_80.png" alt="Kaufland leták" width="50">
                        </a>
                                    </td>

                <td class="discounts_shop_info">
                    <span class="discounts_shop_name">
                        <a href="/letaky/kaufland" class="product_link_history" data-product="nealkoholicke-pivo-holba" title="Kaufland">
                            <span>
                                                                    Kaufland
                                                                                                                                                                            </span>
                        </a>

                                                                    </span>

                    
                                            <div class="discounts_markets">
                                                            <a href="/obchod/kaufland/kaufland-kurim-blanenska" title="Kaufland" data-shop="Kaufland" class="product_link_history" data-product="nealkoholicke-pivo-holba">platí pro 8 nejbližších poboček</a>
                                                    </div>
                                    </td>

                <td class="text-left discounts_price">
                    <span class="discount_price_label">cena</span>
                    <div class="left">
                        <strong class="discount_price_value">10,90&nbsp;Kč</strong>
                    </div>

                                            <div class="discount_amount left">
                            &nbsp;/&nbsp;0.5 l                        </div>
                    
                                            <div class="discount_percentage">&ndash;27&nbsp;%</div>
                    
                    <div class="clear"></div>

                    <span style="font-size: 12px;">
                                                                                                21,80&nbsp;Kč&nbsp;/&nbsp;1&nbsp;l                                                                                    </span>

                    
                                            <div class="discount_note">
                            +3 Kč záloha na láhev, max 80 ks/osoba/den                        </div>
                                    </td>

                <td class="text-left discounts_validity valid_discount">
                                                                        platí do úterý <span style="white-space: nowrap;">13. 9. </span>
                                                            </td>

                <td class="discounts_list_add">

                                            <div class="add_list_wrap">
                        


    
                                
        
        <div class="save_item_content nologin_save_item icon_only "
             data-idf="product_discounts_399097">
			<span class="link_content">
                
    <span class="spinner-absolute spinner-btn no_content hdn"><span class="js-loader"></span></span>

                <a data-rustmp="1" data-action="click" data-fn="rusInit" href="#"
                   aria-label="Přidat produkt do oblíbených - nutné přihlášení uživatele" style="line-height: 0;"
                   class="toggle_saved_item btn btn_default top_link link_heart " data-idf="product_discounts_399097" data-type="product"
                   data-item="399097"><span>Přidat produkt do oblíbených</span></a>
			</span>
                    </div>
                            </div>
                    
                                            <a data-product-id="399097" href="#5139464" role="button" aria-label="Přidat Nealkoholické pivo Holba do nákupního seznamu" data-shop="4" data-price="10.9" data-product="Nealkoholické pivo Holba" class="btn btn_colored btn_list_add no_login">Přidat</a>
                                    </td>
            </tr>
                        </table>
    
    <div class="discounts_show_all_shops only_discount" data-product="399097" style="display: none;">
        <a role="button" href="#399097" class="purple_link discount_all_shops only_discount">Další obchody (<span>-3</span>)</a>
    </div>
</div>

    <div class="product_price_from">
        od <strong>10,90&nbsp;Kč</strong>
    </div>
                            <div class="clear"></div>
        </div>

        
        
        
    
<div class="clear"></div>

<script>

    $(document).ready( function(){

        if( $('.group_discounts').hasClass('notactive') && $('.group_discounts').hasClass('active') ){
            //show only active discounts
            if($('.plf_dis').hasClass('active')){
                $('.group_discounts.notactive').hide();
                $('.ad_inactive_block').hide();
                $('.load_discounts.nomoreactive').hide();
            }
        }


        
            if( $('.group_discounts').hasClass('active')==false ) {
                // no active on this page, redirect to first page
                $(document).off('click', '.plf_dis');
                $(document).on('click', '.plf_dis', function () {
                    window.location.href = '/hledej?f=pivo&vse=1';
                });

            }else{
                // active + noactive, reinit filter bar
                $(document).off('click', '.plf_dis');
                $(document).off('click', '.plf_all');
                searchFilterInactiveDiscounts();
            }
        
                    $('.plf_all').removeClass('active');
            $('.plf_dis').addClass('active');
            $('.group_discounts.notactive').hide();
            $('.ad_inactive_block').hide();
            $('.load_discounts.nomoreactive').hide();
        
    });

</script>    

    <div class="page_loader normal_box" data-type="next"></div>

    
    <div class="clear"></div>

    <div class="text-center space_top default">
        <a href="/hledej?page=6&f=pivo&vse=0" class="btn btn_colored big load_discounts " data-vse="0" data-type="next" data-fav="0" data-lp="6" data-find="pivo" data-url="/get-akce">Načíst další zboží</a>
    </div>

    <script>
        if($('.group_discounts[data-page=6]').length) {
            $('.load_discounts[data-lp=6]').parent().remove();
        }
    </script>
            </div>
        
    </div>
</div>

<script>
    var sent_page = [5];
    searchFilterInactiveDiscounts();
</script>


<script>
    $(document).on('click','.group_discounts a',function (e){

        if( e.currentTarget.href &&
            !e.currentTarget.classList.contains("toggle_saved_item") &&
            !e.currentTarget.classList.contains("discount_all_shops") &&
            !e.currentTarget.classList.contains("btn_list_add")){

            if(window.DOT){
                DOT.hit("event", {
                    d: {
                        "href": e.currentTarget.href,
                        "text": e.currentTarget.title || e.currentTarget.alt,
                        "action":"result-click"
                    }
                })
            }
        }
    })
</script>





    <div class="relative list_around right_side  right"  role="complementary" aria-labelledby="h-nakupni-seznam">

    <div class="start_list_scroll"></div>

    <div class="scroll_right_side ">
        <div class="user_list  relative without_save_money favourites nologin">

            <div class="user_list_head hlt_fix no_print no_items_head">
                <div class="user_list_head_in">

                    <span class="user_list_tab" id="h-oblibene-seznam" role="heading" aria-level="1">
                        <a href="#" class="ruslogin" data-fn="rusInit" data-action="click">Oblíbené <span class="favs_total_items" style="display: none;"></span></a>
                    </span>

                    <span class="user_list_tab selected" id="h-nakupni-seznam" role="heading" aria-level="1">
                        <a href="#" data-show="userlist_shoppinglist">Nákupní seznam  <span class="list_total_items" style="display: none;"></span></a>
                    </span>

                    <a href="/" id="close_user_list" class="btn btn_default">Zavřít</a>
                </div>
            </div>

            <div id="list_around">
                <div class="list_around_in no_save no_items_around" data-list="0">
                    <div class="list_content scroll_items no_items">


                        <div id="shop_list_sort" style="display: none;">
                            <a href="#" role="button" data-show="all" class="active">
                                Všechny oblíbené
                            </a>
                            <a href="#" role="button" data-show="shops">
                                Akce dle obchodů
                            </a>
                        </div>

                                                    <div id="empty_list_content" >
                                <span class="h3">Přihlaste se na Kupi.cz</span>
                                <p class="text-center margin-tp-2x">
                                    <a href="#" data-action="click" data-fn="rusInit" class="btn btn_colored ruslogin">Přihlásit se</a>
                                </p>
                            </div>
                        
                        <div id="userlist_fav_products"></div>
                        <div id="userlist_shoppinglist" style="display: none;">
    <span class="spinner-absolute no_content hdn"><span class="js-loader"></span><span class="spinner-text">Načítám nákupní seznam...</span></span>
</div>

                        <div id="userlist_notes" style="display: none;">
                            <div class="shop_toggle notes_toggle inactive" data-shop="n" tabindex="0"><span>Poznámky</span></div>
                            <div class="list_note_form">
                                <form method="POST" class="new_note_form">
                                    <div class="list_note_input_content">
                                        <div class="wide left">
                                            <input aria-label="Napsat poznámku do nákupního seznamu" type="text" class="list_note_add wide">
                                        </div>
                                    </div>
                                    <input aria-label="Přidat poznámku" type="submit" value="Přidat" class="btn btn_colored add_note right">
                                    <div class="clear"></div>
                                </form>
                            </div>
                        </div>

                        <div id="userlist_content" style="display: none;" class="list_content_in top_content new_list">

                            <div class="list_items">

                            </div>
                        </div>

                    </div>
                </div>

                <div class="list_content list_price_sum" style="display: none;">
                    <div tabindex="0" class="list_content_in list_price_sum_in" aria-labelledby="label_price_sum_in" style="display: none; ">
                        <div id="label_price_sum_in">
                            celkem <strong class="list_price">0,00&nbsp;Kč</strong>
                            <br>
                            <span class="list_price_save" style="display: none;"></span>
                        </div>
                    </div>
                </div>

                <div id="list_foot" class="disabled" >

                    <a id="list_send" href="#" data-list="0"  role="button" tabindex="0" aria-label="Sdílet nákupní seznam" data-code="" class="list_bottom_item list_send">
                        <span>Sdílet</span>
                    </a>

                                            <a id="print_list" href="/uzivatel/nakupni-seznam-tisk" role="button" tabindex="0" aria-label="Vytisknout nákupní seznam" class="list_bottom_item middle list_print">
                            <span>Vytisknout</span>
                        </a>
                    
                    <a id="edit_discounts" href="#" role="button" tabindex="0" aria-label="Vymazat ze seznamu všechny ukončené akce" class="list_bottom_item remove_past_discounts">
                        <span>Upravit</span>
                    </a>

                    <div id="list_edit_popup">
                        <a id="remove_past_discounts" href="#" role="button" tabindex="0" aria-label="Vymazat ze seznamu všechny ukončené akce" class="list_bottom_item remove_past_discounts">
                            <span>Smazat ukončené akce</span>
                        </a>

                        <a id="remove_all_discounts" href="#" role="button" tabindex="0" aria-label="Vymazat ze seznamu všechny ukončené akce" class="list_bottom_item remove_past_discounts">
                            <span>Smazat vše</span>
                        </a>
                    </div>

                </div>

            </div>

                            <div id="list_print" style="display: none; position: relative; z-index: 1000;">
    <div class="list_content max_height_list">
        <div class="list_content_in top_content">
            <div class="copy_list_holder">

                                    <div class="list_shop_content">
                        <span>Sdílet nákupní seznam pomocí adresy</span>
                    </div>
                
                <div class="list_print_in">
                                                            <div class="relative share_userlist">
                        <span class="spinner-absolute no_content hdn"><span class="js-loader"></span></span>

                        <a data-rustmp="1" data-action="click" data-fn="rusTempShareList" data-type="userlist" data-item="userlist" href="#" id="copy_list_address" class="trigger_copy_list_addr tooltip_event" data-tooltip="share_list_400337505"></a>
                        <input class="trigger_input_list_copy" type="text" value="www.kupi.cz/nakup/" readonly>
                        <span id="to_copy" class="trigger_to_copy">https://www.kupi.cz/nakup/</span>
                        <div class="tooltip tooltip_top copy_list_tooltip" data-id="share_list_400337505">Po kliknutí se adresa zkopíruje do schránky</div>
                    </div>

                </div>

                
                <div style="padding-top: 50px;"></div>
            </div>

            <div class="list_shop_content">
                <div style="padding-top: 8px;">Poslat nákupní seznam na e-mail</div>
            </div>

            <div class="list_print_in">
                <form method="POST" id="email_list">
                    <label for="list_email">E-mailová adresa</label><br>
                    <input type="text" name="list_email" id="list_email">

                    <div class="list_print_buttons">
                        <button type="submit" class="btn btn_colored">Odeslat</button>
                        <a href="#" id="cancel_print" class="cancel_print">Zpět</a>
                    </div>
                </form>

                <div class="shop_alert"></div>
                <div class="clear space_bottom half"></div>
            </div>
        </div>
    </div>
</div>            
                    </div>

        <script>
            var userListFav;
            $(document).ready(function() {
                userListFav = new UserList_Favourites(0, '', 'https://otto-api.kupi.cz/api/v2/shopping-list/check/changes');
            });
        </script>

                    <div id="topsponzor_wrap">
                                        <div class="ssp_skyscraper" data-sssp="ssp_skyscraper"></div>
                            </div>
        
    </div>

</div>


<div class="clear"></div>

</div>
</div>


    <div class="clear top_add_clear"></div>

<div id="scroll_stopper"></div>


            <div class="pos_bottom_ssp">
                        <div class="ssp_bottom" data-sssp="ssp_bottom" data-device="desktop"></div>
            </div>
    
<div style="display: none">
    <form>
        <input type="hidden" name="pageToken" value="bt2hwc36uu10ww9jyfbwil0mf">
    </form>
</div>

    <div class="page_wrapper" style="margin-top: 0; margin-bottom: 0; padding: 20px 0; background: white;">
        <div class="content_page" style="padding:0 !important; min-height: auto !important; overflow: hidden; z-index: 76;">
            


    <div id="article_slider" class="articles_selfpromo_v2 v3 loading foot_layout" data-slide="1" data-max-slides="5">

        <div class="leftside">
                <div class="article_selfpromo_v2 big">
                    <div class="img big">
                                                    <img style="opacity:0;"                                 data-child="1"
                                 src="data:image/gif;base64,R0lGODlhAQABAIAAAP///wAAACwAAAAAAQABAAACAkQBADs="
                                 data-src="https://storage.kupi.cz/d/magazine-article/19556/medium"
                                 alt="Výrobce kvůli obavě o bezpečnost svých spotřebitelů stahuje z trhu kozí sýr. Obchody vám za něj vrátí peníze"
                                 title="Výrobce kvůli obavě o bezpečnost svých spotřebitelů stahuje z trhu kozí sýr. Obchody vám za něj vrátí peníze"/>
                                                    <img                                  data-child="2"
                                 src="data:image/gif;base64,R0lGODlhAQABAIAAAP///wAAACwAAAAAAQABAAACAkQBADs="
                                 data-src="https://storage.kupi.cz/d/magazine-article/19508/medium"
                                 alt="5 důvodů, proč si patizony zamiluje každý: Podpoří hubnutí, nezpůsobují nadýmání a báječně chutnají"
                                 title="5 důvodů, proč si patizony zamiluje každý: Podpoří hubnutí, nezpůsobují nadýmání a báječně chutnají"/>
                                                    <img style="opacity:0;"                                 data-child="3"
                                 src="data:image/gif;base64,R0lGODlhAQABAIAAAP///wAAACwAAAAAAQABAAACAkQBADs="
                                 data-src="https://storage.kupi.cz/d/magazine-article/9704/medium"
                                 alt="Jak zpracovat houby? Zkuste je zavařit, naložit do soli, zamrazit nebo si z nich udělejte koření"
                                 title="Jak zpracovat houby? Zkuste je zavařit, naložit do soli, zamrazit nebo si z nich udělejte koření"/>
                                                    <img style="opacity:0;"                                 data-child="4"
                                 src="data:image/gif;base64,R0lGODlhAQABAIAAAP///wAAACwAAAAAAQABAAACAkQBADs="
                                 data-src="https://storage.kupi.cz/d/magazine-article/9710/medium"
                                 alt="Jednoduchá dýňová polévka se smetanou, kterou zvládne úplně každý"
                                 title="Jednoduchá dýňová polévka se smetanou, kterou zvládne úplně každý"/>
                                                    <img style="opacity:0;"                                 data-child="5"
                                 src="data:image/gif;base64,R0lGODlhAQABAIAAAP///wAAACwAAAAAAQABAAACAkQBADs="
                                 data-src="https://storage.kupi.cz/d/magazine-article/4991/medium"
                                 alt="Marakuja: Tropické ovoce z obchodů, které nakopne vaši imunitu"
                                 title="Marakuja: Tropické ovoce z obchodů, které nakopne vaši imunitu"/>
                                            </div>
                </div>
        </div>

        <div class="rightside">
            <div class="wrap">
                <div style="width: 10px;"></div>
                            <div class="article_selfpromo_v2 smaller first"
                     data-layout="small"
                     data-child="1"
                     data-image="https://storage.kupi.cz/d/magazine-article/19556/medium"
                >
                    <div class="img">
                        <img src="data:image/gif;base64,R0lGODlhAQABAIAAAP///wAAACwAAAAAAQABAAACAkQBADs=" data-src="https://storage.kupi.cz/d/magazine-article/19556/medium" alt="Výrobce kvůli obavě o bezpečnost svých spotřebitelů stahuje z trhu kozí sýr. Obchody vám za něj vrátí peníze" title="Výrobce kvůli obavě o bezpečnost svých spotřebitelů stahuje z trhu kozí sýr. Obchody vám za něj vrátí peníze"/>
                    </div>
                    <div class="text">
                        <h2>Výrobce kvůli obavě o bezpečnost svých spotřebitelů stahuje z trhu kozí sýr. Obchody vám za něj…</h2>
                    </div>
                    <a title="Výrobce kvůli obavě o bezpečnost svých spotřebitelů stahuje z trhu kozí sýr. Obchody vám za něj vrátí peníze" href="https://www.kupi.cz/magazin/clanek/19556-vyrobce-s-obavou-o-bezpecnost-svych-spotrebitelu-stahuje-z-trhu-kozi-syr-obchody-vam-za-nej-vrati-penize?utm_medium=selfpromo&utm_campaign=promo-block&utm_source=bottom&utm_content=desktop&utm_term=V%C3%BDrobce+kv%C5%AFli+obav%C4%9B+o+bezpe%C4%8Dnost+sv%C3%BDch+spot%C5%99ebitel%C5%AF+stahuje+z+trhu+koz%C3%AD+s%C3%BDr.+Obchody+v%C3%A1m+za+n%C4%9Bj+vr%C3%A1t%C3%AD+pen%C3%ADze" class="item_link">Výrobce kvůli obavě o bezpečnost svých spotřebitelů stahuje z trhu kozí sýr. Obchody vám za něj vrátí peníze</a>
                </div>
                            <div class="article_selfpromo_v2 smaller "
                     data-layout="small"
                     data-child="2"
                     data-image="https://storage.kupi.cz/d/magazine-article/19508/medium"
                >
                    <div class="img">
                        <img src="data:image/gif;base64,R0lGODlhAQABAIAAAP///wAAACwAAAAAAQABAAACAkQBADs=" data-src="https://storage.kupi.cz/d/magazine-article/19508/medium" alt="5 důvodů, proč si patizony zamiluje každý: Podpoří hubnutí, nezpůsobují nadýmání a báječně chutnají" title="5 důvodů, proč si patizony zamiluje každý: Podpoří hubnutí, nezpůsobují nadýmání a báječně chutnají"/>
                    </div>
                    <div class="text">
                        <h2>5 důvodů, proč si patizony zamiluje každý: Podpoří hubnutí, nezpůsobují nadýmání a báječně chutnají</h2>
                    </div>
                    <a title="5 důvodů, proč si patizony zamiluje každý: Podpoří hubnutí, nezpůsobují nadýmání a báječně chutnají" href="https://www.kupi.cz/magazin/clanek/19508-5-duvodu-proc-si-patizony-zamiluje-kazdy-podpori-hubnuti-nezpusobuji-nadymani-a-bajecne-chutnaji?utm_medium=selfpromo&utm_campaign=promo-block&utm_source=bottom&utm_content=desktop&utm_term=5+d%C5%AFvod%C5%AF%2C+pro%C4%8D+si+patizony+zamiluje+ka%C5%BEd%C3%BD%3A+Podpo%C5%99%C3%AD+hubnut%C3%AD%2C+nezp%C5%AFsobuj%C3%AD+nad%C3%BDm%C3%A1n%C3%AD+a+b%C3%A1je%C4%8Dn%C4%9B+chutnaj%C3%AD" class="item_link">5 důvodů, proč si patizony zamiluje každý: Podpoří hubnutí, nezpůsobují nadýmání a báječně chutnají</a>
                </div>
                            <div class="article_selfpromo_v2 smaller "
                     data-layout="small"
                     data-child="3"
                     data-image="https://storage.kupi.cz/d/magazine-article/9704/medium"
                >
                    <div class="img">
                        <img src="data:image/gif;base64,R0lGODlhAQABAIAAAP///wAAACwAAAAAAQABAAACAkQBADs=" data-src="https://storage.kupi.cz/d/magazine-article/9704/medium" alt="Jak zpracovat houby? Zkuste je zavařit, naložit do soli, zamrazit nebo si z nich udělejte koření" title="Jak zpracovat houby? Zkuste je zavařit, naložit do soli, zamrazit nebo si z nich udělejte koření"/>
                    </div>
                    <div class="text">
                        <h2>Jak zpracovat houby? Zkuste je zavařit, naložit do soli, zamrazit nebo si z nich udělejte koření</h2>
                    </div>
                    <a title="Jak zpracovat houby? Zkuste je zavařit, naložit do soli, zamrazit nebo si z nich udělejte koření" href="https://www.kupi.cz/magazin/clanek/9704-jak-zpracovat-houby-zkuste-je-zavarit-nalozit-do-soli-zamrazit-nebo-si-z-nich-udelejte-koreni?utm_medium=selfpromo&utm_campaign=promo-block&utm_source=bottom&utm_content=desktop&utm_term=Jak+zpracovat+houby%3F+Zkuste+je+zava%C5%99it%2C+nalo%C5%BEit+do+soli%2C+zamrazit+nebo+si+z+nich+ud%C4%9Blejte+ko%C5%99en%C3%AD" class="item_link">Jak zpracovat houby? Zkuste je zavařit, naložit do soli, zamrazit nebo si z nich udělejte koření</a>
                </div>
                            <div class="article_selfpromo_v2 smaller "
                     data-layout="small"
                     data-child="4"
                     data-image="https://storage.kupi.cz/d/magazine-article/9710/medium"
                >
                    <div class="img">
                        <img src="data:image/gif;base64,R0lGODlhAQABAIAAAP///wAAACwAAAAAAQABAAACAkQBADs=" data-src="https://storage.kupi.cz/d/magazine-article/9710/medium" alt="Jednoduchá dýňová polévka se smetanou, kterou zvládne úplně každý" title="Jednoduchá dýňová polévka se smetanou, kterou zvládne úplně každý"/>
                    </div>
                    <div class="text">
                        <h2>Jednoduchá dýňová polévka se smetanou, kterou zvládne úplně každý</h2>
                    </div>
                    <a title="Jednoduchá dýňová polévka se smetanou, kterou zvládne úplně každý" href="https://www.kupi.cz/magazin/clanek/9710-jednoducha-dynova-polevka-se-smetanou-kterou-zvladne-uplne-kazdy?utm_medium=selfpromo&utm_campaign=promo-block&utm_source=bottom&utm_content=desktop&utm_term=Jednoduch%C3%A1+d%C3%BD%C5%88ov%C3%A1+pol%C3%A9vka+se+smetanou%2C+kterou+zvl%C3%A1dne+%C3%BApln%C4%9B+ka%C5%BEd%C3%BD" class="item_link">Jednoduchá dýňová polévka se smetanou, kterou zvládne úplně každý</a>
                </div>
                            <div class="article_selfpromo_v2 smaller "
                     data-layout="small"
                     data-child="5"
                     data-image="https://storage.kupi.cz/d/magazine-article/4991/medium"
                >
                    <div class="img">
                        <img src="data:image/gif;base64,R0lGODlhAQABAIAAAP///wAAACwAAAAAAQABAAACAkQBADs=" data-src="https://storage.kupi.cz/d/magazine-article/4991/medium" alt="Marakuja: Tropické ovoce z obchodů, které nakopne vaši imunitu" title="Marakuja: Tropické ovoce z obchodů, které nakopne vaši imunitu"/>
                    </div>
                    <div class="text">
                        <h2>Marakuja: Tropické ovoce z obchodů, které nakopne vaši imunitu</h2>
                    </div>
                    <a title="Marakuja: Tropické ovoce z obchodů, které nakopne vaši imunitu" href="https://www.kupi.cz/magazin/clanek/4991-marakuja-tropicke-ovoce-z-obchodu-ktere-nakopne-vasi-imunitu?utm_medium=selfpromo&utm_campaign=promo-block&utm_source=bottom&utm_content=desktop&utm_term=Marakuja%3A+Tropick%C3%A9+ovoce+z+obchod%C5%AF%2C+kter%C3%A9+nakopne+va%C5%A1i+imunitu" class="item_link">Marakuja: Tropické ovoce z obchodů, které nakopne vaši imunitu</a>
                </div>
                            <div style="padding-top: 38px"></div>
                <a href="https://www.kupi.cz/magazin/?utm_medium=selfpromo&utm_campaign=promo-block&utm_source=bottom&utm_content=desktop&utm_term=button" class="article_selfpromo_v2 smaller more_link" title="Kupi Magazín">Přejít na Kupi Magazín <svg class="svg_ico" focusable="false" xmlns="http://www.w3.org/2000/svg" viewBox="0 0 24 24"><path d="M8.59 16.59L13.17 12 8.59 7.41 10 6l6 6-6 6-1.41-1.41z"></path></svg></a>
            </div>
        </div>
    </div>

    <div class="pager_wrap">
        <a href="https://www.kupi.cz/magazin/" class="mag_link">Přejít na Kupi Magazín <svg class="svg_ico" focusable="false" xmlns="http://www.w3.org/2000/svg" viewBox="0 0 24 24"><path d="M8.59 16.59L13.17 12 8.59 7.41 10 6l6 6-6 6-1.41-1.41z"></path></svg></a>
        <div class="slider_pager">
                            <button title="Výrobce kvůli obavě o bezpečnost svých spotřebitelů stahuje z trhu kozí sýr. Obchody vám za něj vrátí peníze" data-slide="1" data-active="true"></button>
                            <button title="5 důvodů, proč si patizony zamiluje každý: Podpoří hubnutí, nezpůsobují nadýmání a báječně chutnají" data-slide="2" data-active="false"></button>
                            <button title="Jak zpracovat houby? Zkuste je zavařit, naložit do soli, zamrazit nebo si z nich udělejte koření" data-slide="3" data-active="false"></button>
                            <button title="Jednoduchá dýňová polévka se smetanou, kterou zvládne úplně každý" data-slide="4" data-active="false"></button>
                            <button title="Marakuja: Tropické ovoce z obchodů, které nakopne vaši imunitu" data-slide="5" data-active="false"></button>
                    </div>
    </div>
        </div>
    </div>

<div class="page_wrapper" style="margin-top: 0; margin-bottom: 0; padding: 0 0 20px 0; background: white;">
    <div class="content_page" style="padding:0 !important; min-height: auto !important; overflow: hidden;">
        

    <div class="most-popular-wrap">
        <div class="most-popular-items">
            
                <div class="most-popular-item ">
                                                                        <span class="most-popular-section section-toggle">Oblíbené zboží v akci</span>
                            <svg class="svg_ico section-toggle" focusable="false" xmlns="http://www.w3.org/2000/svg" viewBox="0 0 24 24"><path d="M8.59 16.59L13.17 12 8.59 7.41 10 6l6 6-6 6-1.41-1.41z"></path></svg>
                                                                                                                                                                                                                            
                    <span class="most-popular-links" ><span style="white-space: nowrap;"><a href="https://www.kupi.cz/znacka/haagen-dazs" title="Häagen-Dazs akce">Häagen-Dazs akce</a>, </span> <span style="white-space: nowrap;"><a href="https://www.kupi.cz/sleva/nutella" title="Nutella akce">Nutella akce</a>, </span> <span style="white-space: nowrap;"><a href="https://www.kupi.cz/slevy/zmrzliny" title="Zmrzlina akce">Zmrzlina</a>, </span> <span style="white-space: nowrap;"><a href="https://www.kupi.cz/znacka/tullamore-dew" title="Tullamore Dew akce">Tullamore Dew akce</a>, </span> <span style="white-space: nowrap;"><a href="https://www.kupi.cz/slevy/mleko" title="Mléko v akci">Mléko</a>, </span> <span style="white-space: nowrap;"><a href="https://www.kupi.cz/sleva/captain-morgan" title="Captain Morgan akce">Captain Morgan akce</a>, </span> <span style="white-space: nowrap;"><a href="https://www.kupi.cz/znacka/legendario" title="Legendario akce">Legendario akce</a>, </span> <span style="white-space: nowrap;"><a href="https://www.kupi.cz/sleva/pivo-svetly-lezak-12-ryze-horka-radegast" title="Radegast 12° v akci">Radegast 12°</a></span> </span>
                </div>

            
                <div class="most-popular-item ">
                                                                                                                    <span class="most-popular-section section-toggle">Nejnavštěvovanější letáky</span>
                            <svg class="svg_ico section-toggle" focusable="false" xmlns="http://www.w3.org/2000/svg" viewBox="0 0 24 24"><path d="M8.59 16.59L13.17 12 8.59 7.41 10 6l6 6-6 6-1.41-1.41z"></path></svg>
                                                                                                                                                                                
                    <span class="most-popular-links" ><span style="white-space: nowrap;"><a href="https://www.kupi.cz/letaky/dm-drogerie" title="dm leták">dm leták</a>, </span> <span style="white-space: nowrap;"><a href="https://www.kupi.cz/letaky/pepco" title="Pepco leták">Pepco leták</a>, </span> <span style="white-space: nowrap;"><a href="https://www.kupi.cz/letaky/kaufland" title="Kaufland leták">Kaufland leták</a>, </span> <span style="white-space: nowrap;"><a href="https://www.kupi.cz/letaky/rossmann" title="Rossmann leták">Rossmann</a>, </span> <span style="white-space: nowrap;"><a href="https://www.kupi.cz/letaky/albert" title="Albert leták">Albert leták</a>, </span> <span style="white-space: nowrap;"><a href="https://www.kupi.cz/letaky/makro" title="Makro leták">Makro</a>, </span> <span style="white-space: nowrap;"><a href="https://www.kupi.cz/letaky/hruska" title="Hruška leták">Hruška leták</a>, </span> <span style="white-space: nowrap;"><a href="https://www.kupi.cz/letaky/coop" title="COOP leták">COOP leták</a></span> </span>
                </div>

            
                <div class="most-popular-item ">
                                                                                                                                                                <span class="most-popular-section section-toggle">Oblíbené pobočky obchodů</span>
                            <svg class="svg_ico section-toggle" focusable="false" xmlns="http://www.w3.org/2000/svg" viewBox="0 0 24 24"><path d="M8.59 16.59L13.17 12 8.59 7.41 10 6l6 6-6 6-1.41-1.41z"></path></svg>
                                                                                                                                    
                    <span class="most-popular-links" ><span style="white-space: nowrap;"><a href="https://www.kupi.cz/lokalita/obi-praha-4" title="OBI Praha">OBI Praha</a>, </span> <span style="white-space: nowrap;"><a href="https://www.kupi.cz/lokalita/ikea-brno" title="Ikea Brno">Ikea Brno</a>, </span> <span style="white-space: nowrap;"><a href="https://www.kupi.cz/lokalita/jysk-praha" title="Jysk Praha">Jysk Praha</a>, </span> <span style="white-space: nowrap;"><a href="https://www.kupi.cz/letaky/jysk" title="Jysk akce">Jysk akce</a>, </span> <span style="white-space: nowrap;"><a href="https://www.kupi.cz/letaky/globus" title="Globus akce">Globus akce</a>, </span> <span style="white-space: nowrap;"><a href="https://www.kupi.cz/magazin/stitek/primark" title="Primark Praha">Primark Praha</a>, </span> <span style="white-space: nowrap;"><a href="https://www.kupi.cz/lokalita/pepco-praha" title="Pepco Praha">Pepco Praha</a></span> </span>
                </div>

            
                <div class="most-popular-item ">
                                                                                                                                                                                                            <span class="most-popular-section section-toggle">Kupi Magazín</span>
                            <svg class="svg_ico section-toggle" focusable="false" xmlns="http://www.w3.org/2000/svg" viewBox="0 0 24 24"><path d="M8.59 16.59L13.17 12 8.59 7.41 10 6l6 6-6 6-1.41-1.41z"></path></svg>
                                                                                        
                    <span class="most-popular-links" ><span style="white-space: nowrap;"><a href="https://www.kupi.cz/magazin/clanek/13390-cesi-objevuji-cerny-cesnek-a-maji-ho-cim-dal-radeji-na-zahradce-ho-ale-nevypestujete-vite-proc" title="Černý česnek">Černý česnek</a>, </span> <span style="white-space: nowrap;"><a href="https://www.kupi.cz/magazin/clanek/13183-levne-chutne-a-zdrave-vite-ktere-superpotraviny-toto-vsechno-splnuji" title="Levné superpotraviny">Levné superpotraviny</a>, </span> <span style="white-space: nowrap;"><a href="https://www.kupi.cz/magazin/stitek/stravenky" title="Stravenky">Stravenky</a>, </span> <span style="white-space: nowrap;"><a href="https://www.kupi.cz/magazin/stitek/grilovani" title="Grilování">Grilování</a>, </span> <span style="white-space: nowrap;"><a href="https://www.kupi.cz/magazin/clanek/10784-cim-tmavsi-tim-lepsi-tohle-u-lososa-neplati-podle-barvy-kvalitu-nepoznate" title="Jak vybrat kvalitního lososa">Jak vybrat lososa</a>, </span> <span style="white-space: nowrap;"><a href="https://www.kupi.cz/magazin/stitek/cerny-bez" title="Černý bez">Černý bez</a>, </span> <span style="white-space: nowrap;"><a href="https://www.kupi.cz/magazin/clanek/13393-bile-jahody-vypestujete-je-na-zahrade-i-balkone-nektere-druhy-mohou-jist-i-alergici" title="Bílé jahody">Bílé jahody</a>, </span> <span style="white-space: nowrap;"><a href="https://www.kupi.cz/magazin/stitek/stravenky" title="Stravenky">Stravenky</a></span> </span>
                </div>

            
                <div class="most-popular-item ">
                                                                                                                                                                                                                                                        <span class="most-popular-section section-toggle">Recepty</span>
                            <svg class="svg_ico section-toggle" focusable="false" xmlns="http://www.w3.org/2000/svg" viewBox="0 0 24 24"><path d="M8.59 16.59L13.17 12 8.59 7.41 10 6l6 6-6 6-1.41-1.41z"></path></svg>
                                            
                    <span class="most-popular-links" ><span style="white-space: nowrap;"><a href="https://www.kupi.cz/magazin/clanek/5731-skvela-rajska-omacka-s-plnenymi-paprikami-kterou-jsme-jako-deti-tolik-milovali" title="Plněné papriky">Plněné papriky</a>, </span> <span style="white-space: nowrap;"><a href="https://www.kupi.cz/magazin/clanek/5915-zelnacka-pro-celou-rodinu-vyzkousejte-staroceskou-moravskou-nebo-veganskou" title="Zelňačka">Zelňačka</a>, </span> <span style="white-space: nowrap;"><a href="https://www.kupi.cz/magazin/clanek/13583-obed-do-50-minut-vyborne-lasagne-se-spenatem-mozzarellou-a-besamelem" title="Lasagne">Lasagne</a>, </span> <span style="white-space: nowrap;"><a href="https://www.kupi.cz/magazin/kategorie/videorecepty" title="Videorecepty">Videorecepty</a>, </span> <span style="white-space: nowrap;"><a href="https://www.kupi.cz/magazin/stitek/ledovy-napoj" title="Ledové nápoje">Ledové nápoje</a>, </span> <span style="white-space: nowrap;"><a href="https://www.kupi.cz/magazin/clanek/12730-jak-spravne-upect-kure-10-kroku-k-tomu-aby-bylo-na-povrchu-krupave-a-uvnitr-stavnate" title="Pečené kuře">Pečené kuře</a>, </span> <span style="white-space: nowrap;"><a href="https://www.kupi.cz/magazin/clanek/12772-recept-na-nadychanou-tvarohovou-babovku-kterou-budete-chtit-delat-porad-dokola" title="Tvarohová bábovka">Tvarohová bábovka</a>, </span> <span style="white-space: nowrap;"><a href="https://www.kupi.cz/magazin/clanek/13529-naucte-se-novy-zpusob-jak-pripravovat-lososa-po-japonsku-s-teriyaki-omackou" title="Losos">Losos</a></span> </span>
                </div>

                    </div>
    </div>
    </div>
</div>


<div class="footer-new" >
    <div class="page_wrapper" style="padding:0;">
        <div id="footer" style="display:flex;">
            <div class="col">
                <div class="logo"></div>
                <div class="social">
                    <a href="https://cs-cz.facebook.com/wwwkupicz" title="Kupi.cz Facebook">
                        <svg xmlns="http://www.w3.org/2000/svg" width="42" height="42" viewBox="0 0 42 42" fill="none">
                            <rect class="fb-1" x="0.5" y="0.5" width="41" height="41" rx="20.5" stroke="#D9D9D9"/>
                            <path class="fb-2" d="M19.1522 30.5999H22.6682V21.8399H25.6082L26.0522 18.4319H22.6682V16.2479C22.6682 15.2639 22.9442 14.5919 24.3602 14.5919H26.1722V11.5319C25.8602 11.4959 24.7922 11.3999 23.5442 11.3999C20.9282 11.3999 19.1522 12.9959 19.1522 15.9119V18.4319H16.2002V21.8399H19.1522V30.5999Z" fill="black"/>
                        </svg>
                    </a>
                    <a href="https://www.instagram.com/kupi_cz/" title="Kupi.cz Instagram">
                        <svg xmlns="http://www.w3.org/2000/svg" width="42" height="42" viewBox="0 0 42 42" fill="none">
                            <rect class="inst-1" x="0.5" y="0.5" width="41" height="41" rx="20.5" stroke="#D9D9D9"/>
                            <path class="inst-2" d="M16.8 11H25.2C28.4 11 31 13.6 31 16.8V25.2C31 26.7383 30.3889 28.2135 29.3012 29.3012C28.2135 30.3889 26.7383 31 25.2 31H16.8C13.6 31 11 28.4 11 25.2V16.8C11 15.2617 11.6111 13.7865 12.6988 12.6988C13.7865 11.6111 15.2617 11 16.8 11ZM16.6 13C15.6452 13 14.7295 13.3793 14.0544 14.0544C13.3793 14.7295 13 15.6452 13 16.6V25.4C13 27.39 14.61 29 16.6 29H25.4C26.3548 29 27.2705 28.6207 27.9456 27.9456C28.6207 27.2705 29 26.3548 29 25.4V16.6C29 14.61 27.39 13 25.4 13H16.6ZM26.25 14.5C26.5815 14.5 26.8995 14.6317 27.1339 14.8661C27.3683 15.1005 27.5 15.4185 27.5 15.75C27.5 16.0815 27.3683 16.3995 27.1339 16.6339C26.8995 16.8683 26.5815 17 26.25 17C25.9185 17 25.6005 16.8683 25.3661 16.6339C25.1317 16.3995 25 16.0815 25 15.75C25 15.4185 25.1317 15.1005 25.3661 14.8661C25.6005 14.6317 25.9185 14.5 26.25 14.5ZM21 16C22.3261 16 23.5979 16.5268 24.5355 17.4645C25.4732 18.4021 26 19.6739 26 21C26 22.3261 25.4732 23.5979 24.5355 24.5355C23.5979 25.4732 22.3261 26 21 26C19.6739 26 18.4021 25.4732 17.4645 24.5355C16.5268 23.5979 16 22.3261 16 21C16 19.6739 16.5268 18.4021 17.4645 17.4645C18.4021 16.5268 19.6739 16 21 16ZM21 18C20.2044 18 19.4413 18.3161 18.8787 18.8787C18.3161 19.4413 18 20.2044 18 21C18 21.7956 18.3161 22.5587 18.8787 23.1213C19.4413 23.6839 20.2044 24 21 24C21.7956 24 22.5587 23.6839 23.1213 23.1213C23.6839 22.5587 24 21.7956 24 21C24 20.2044 23.6839 19.4413 23.1213 18.8787C22.5587 18.3161 21.7956 18 21 18Z" fill="black"/>
                        </svg>
                    </a>
                </div>
            </div>
            <div class="col">
                <h3>Kupi.cz</h3>
                <ul class="ul-format footer_links">
                    <li><a href="/onas" class="footer_link" title="O Kupi.cz">O Kupi.cz</a></li>
                    <li><a href="/kontakt" class="footer_link" title="Kontakt">Kontakt</a></li>
                    <li><a href="/tiskove-zpravy" class="footer_link" title="Tiskové zprávy">Tiskové zprávy</a></li>
                    <li><a href="/kariera" class="footer_link" title="Kariéra">Kariéra</a></li>
                    <li><a href="/mapa-stranek" class="footer_link" title="Mapa stránek">Mapa stránek</a></li>
                    <li><a href="#" onclick="openScmp(event);" class="footer_link" title="Nastavení personalizace">Nastavení personalizace</a></li>
                </ul>
            </div>
            <div class="col">
                <h3>Pro vás</h3>
                <ul class="ul-format footer_links">
                    <li><a href="/aplikace" title="Mobilní aplikace" class="footer_link">Mobilní aplikace</a></li>
                    <li><a href="https://www.kupi.cz/magazin/?utm_source=kupi.cz&amp;utm_medium=selfpromo&amp;utm_campaign=paticka" title="Kupi Magazín" class="footer_link">Magazín</a></li>
                    <li><a href="/samolepka" title="Samolepka „Nevhazovat letáky” zdarma!" class="footer_link">Samolepka</a></li>
                    <li><a href="/" class="footer_link" title="Letáky">Letáky</a></li>
                    <li><a href="/slevy" class="footer_link" title="Akce">Akce</a></li>
                </ul>
            </div>
            <div class="col">
                <h3>Služby</h3>
                <ul class="ul-format footer_links">
                    <li><a href="/partner" class="footer_link" title="Chci mít leták na Kupi.cz">Chci mít leták na Kupi.cz</a></li>
                    <li><a href="/pro-partnery" class="footer_link" title="Pro partnery">Pro partnery</a></li>
                </ul>
                <div class="clear space_top"></div>

                <div class="footer-link">
                    <a class="footer-link" data-countries href="https://www.kupi.cz/zahranicni-letaky" title="Zahraniční akční letáky" style="height: 33px;">
                        <img class="flag-icon" width="30" height="30" src="data:image/gif;base64,R0lGODlhAQABAIAAAP///wAAACwAAAAAAQABAAACAkQBADs=" data-src="/img/flags/flag_cs.svg" alt="Kupi.cz" title="Kupi.cz | Česká republika – Akční letáky">
                        <span>CZ</span>
                        <svg class="svg_ico" style="width:30px; height:30px; transform: rotate(90deg) scale(.75);" focusable="false" xmlns="http://www.w3.org/2000/svg" viewBox="0 0 24 24" fill="currentColor"><path d="M8.59 16.59L13.17 12 8.59 7.41 10 6l6 6-6 6-1.41-1.41z"></path></svg>
                    </a>
                </div>
                <div class="countries hdn">
                    <div class="scrl" style="display: flex; flex-direction: column;">
                                            <a class="footer-link" href="https://www.kupino.de/" title="Prospekte und Aktionen">
                            <img class="flag-icon"
                                 width="30"
                                 height="30"
                                 src="data:image/gif;base64,R0lGODlhAQABAIAAAP///wAAACwAAAAAAQABAAACAkQBADs="
                                 data-src="/img/flags/flag_de.svg"
                                 alt="Kupino.de"
                                 title="Prospekte und Aktionen">Německo
                        </a>
                                            <a class="footer-link" href="https://www.kupino.pl/" title="Gazetki promocyjne">
                            <img class="flag-icon"
                                 width="30"
                                 height="30"
                                 src="data:image/gif;base64,R0lGODlhAQABAIAAAP///wAAACwAAAAAAQABAAACAkQBADs="
                                 data-src="/img/flags/flag_pl.svg"
                                 alt="Kupino.pl"
                                 title="Gazetki promocyjne">Polsko
                        </a>
                                            <a class="footer-link" href="https://www.kupino.at/" title="Flugblätter und Aktionen">
                            <img class="flag-icon"
                                 width="30"
                                 height="30"
                                 src="data:image/gif;base64,R0lGODlhAQABAIAAAP///wAAACwAAAAAAQABAAACAkQBADs="
                                 data-src="/img/flags/flag_at.svg"
                                 alt="Kupino.at"
                                 title="Flugblätter und Aktionen">Rakousko
                        </a>
                                            <a class="footer-link" href="https://www.kupino.sk/" title="Letáky a akcie">
                            <img class="flag-icon"
                                 width="30"
                                 height="30"
                                 src="data:image/gif;base64,R0lGODlhAQABAIAAAP///wAAACwAAAAAAQABAAACAkQBADs="
                                 data-src="/img/flags/flag_sk.svg"
                                 alt="Kupino.sk"
                                 title="Letáky a akcie">Slovensko
                        </a>
                                        </div>
                </div>
            </div>
        </div>
        <div class="foot-bottom">
            <span style="color: gray ;"> © Kupi.cz 2012–2022, člen skupiny Seznam.cz</span>
        </div>
    </div>
</div>

<script type="text/javascript">
    /* <![CDATA[ */
    var seznam_retargeting_id = 21373;
    /* ]]> */
    (rc = window.rc || {});
    window.rc.internal = true;
</script>
<script type="text/javascript" src="//c.seznam.cz/js/retargeting.js"></script>



<div id="google_conversion">
    <script type="text/javascript" src="//www.googleadservices.com/pagead/conversion.js"></script>
    <noscript><img height="1" width="1" style="border-style:none;" alt="" src="//googleads.g.doubleclick.net/pagead/viewthroughconversion/972302594/?value=0&amp;guid=ON&amp;script=0"/></noscript>
</div>




    
    














































                
    <div class="rus-box js-popup hdn" data-parent>
        <div id="rus-box-overlay" class="not-reload"              data-notconfirm="1"></div>
        <div class="js-loaded-content" style="z-index: 1000;" data-parent>
            <div class="js-content rus">
                                                    <div id="kr_loginmain" class="js-rus-section">
                        
    <a href="/" class="logo margin-bt-10 show-for-small" title="Kupi.cz - letáky, akce"><span class="blind">Kupi.cz - letáky, akce</span> </a>

                        
    <p class="text-right margin-0">
        <button type="button" class="btn btn_default margin-bt-10 close not-reload" data-action="click" data-mandatory="2"
                data-fn="removeParent" data-callback="trackEvent">Zavřít
        </button>
    </p>
    <div class="row flex smallscreen-text-center">
        <div class="column size1of2 vertical-line">
            <div class="content-box">
                <div class="hd text-left">
                    <span class="h4 hd-title">Přihlášení na Kupi.cz</span>
                </div>
                <div class="bd">
                    <p class="margin-bt-20">S účtem od Seznamu se můžete přihlásit do všech jeho služeb nebo můžete využít váš profil na sociální síti.</p>
                    <p><a data-action="click" data-fn="seznamLogin" href="#"
                          role="button" style="width: 100%; max-width: 280px;"
                          class="btn btn-seznam margin-0 btn-m diplay-block width-100 text-center margin-bt-10"
                          title="Seznam přihlášení">Seznam přihlášení</a></p>
                    <p><a href="/prihlasit/facebook"
                          role="button" style="width: 100%; max-width: 280px;"
                          rel="nofollow"
                          class="btn btn-fb margin-0 btn-m diplay-block width-100 text-center margin-bt-10"
                          title="Facebook přihlášení">Facebook přihlášení</a></p>
                    <p><a href="#"
                          role="button"
                          id="appleid-signin-custom"
                          rel="nofollow"
                          class="btn btn-apl margin-0 btn-m diplay-block width-100 text-center margin-bt-10"
                          title="Apple přihlášení" style="color: white; background: black; width: 100%; max-width: 280px;">Apple přihlášení</a></p>
                    <p class="margin-tp-3x">Pokud účet ještě nemáte, tady si ho <a href="#" data-fn="seznamRegistration" title="Založit účet u Seznamu">vytvoříte</a> s libovolnou e-mailovou adresou.</p>
                    <p>
                        <button data-action="click" data-fn="toggleBox" data-box="seznamAdvantages" class="btn btn_default show-for-small" style="margin: 0 auto; width: 100%; max-width: 280px;">Výhody pro přihlášené uživatele</button>
                    </p>
                </div>
                <div class="ft bd">
                    <p>Přihlašovali jste se doposud jinak nebo máte problém s registrací? <a data-action="click" role="button" data-fn="toggleBox" data-box="contactUs" href="" title="Kontaktujte nás">Kontaktujte nás</a> prosím.</p>
                </div>
            </div>
        </div>
        <div class="column size1of2 hide-for-small">
            <div class="content-box">
                <div class="hd">
                    <span class="h4 hd-title">Výhody pro přihlášené uživatele</span>
                </div>
                <div class="bd">
                    <ul class="icons-circle">
                        <li style="margin-bottom: 10px;">Jeden zabezpečený účet pro všechny služby Seznamu</li>
                        <li>Hlídání akcí u oblíbených produktů</li>
                        <li>Oblíbené letáky a produkty vám doručíme na e-mail</li>
                        <li>Věrnostní karty a funkce Kupi.cz vždy při ruce v <a href="/aplikace" title="Mobilní aplikace">mobilní aplikaci</a></li>
                        <li>Sdílený nákupní seznam</li>
                    </ul>
                </div>
            </div>
        </div>
    </div>

                    </div>
                                                
            <div class="boxes">
            <div class="toggle-box" data-parentBox="contactUs">
                <div class="content-align">
                    <p class="text-center margin-bt-20 margin-tp-0">
                        <a href="" class="btn btn_default" data-action="click" data-fn="stepBack" role="button">← Zpět</a>
                    </p>
                    
    <span class="spinner-absolute hdn no_content"><span class="js-loader"></span></span>
    <p class="text-center margin-bt-20 margin-tp-0">
        <button type="button" class="btn btn_default close not-reload" data-action="click" data-mandatory="2"
                data-fn="removeParent" data-callback="trackEvent">Zavřít
        </button>
    </p>
    <div class="hd">
        <span class="h4">Máte problémy s přihlášením?</span>
    </div>
    <div class="bd">
        <div class="row">
            <div class="column size1of1">
                <div class="padding-ltrt-140px">
                    <form action="" method="post" class="js-form">
                        <p class="text-left">Máte již na <a href="/">Kupi.cz</a> účet a nemůžete se přihlásit? Nebo se
                            vám nedaří registrace? Napište nám a rádi vám pomůžeme.</p>
                        <p class="text-center"><label><span class="label">Váš e-mail</span><input data-send style="width:100%;"
                                                                                                  data-check="checkEmail"
                                                                                                  data-notify="Zadejte e-mail ve správném tvaru"
                                                                                                  class="width-100"
                                                                                                  type="text"
                                                                                                  name="RusLogin"
                                                                                                  data-action="keyup"
                                                                                                  data-fn="setMail"></label>
                        </p>
                        <p class="text-center"><label><span class="label">Popište váš problém</span><textarea style="width:100%;"
                                        class="display-block width-100" data-send data-check="checkEmpty"
                                        data-notify="Toto pole je povinné" data-action="keyup" rows="6" type="text"
                                        name="text"></textarea></label></p>
                        <p class="text-center"><label><input type="submit" data-action="click" data-fn="sendForm"
                                                             class="btn btn_colored btn-m btn-expand margin-0"
                                                             value="Odeslat"></label></p>
                    </form>
                </div>
            </div>
        </div>
    </div>

                </div>
            </div>

                        <div class="toggle-box" data-parentBox="emailSend">
                <div class="content-align">
                    
    <div class="hd"></div>
    <div class="bd">
        <div class="row">
            <div class="column size2of3">
                <span class="h4 margin-rslt-36 font-s-16 bold">Váš e-mail byl odeslán na naši podporu</span>
                <p class="margin-rslt-36">S vyřešením vašeho požadavku vás budeme brzy kontaktovat.</p>
                <p class="margin-rslt-36"><a class="btn btn_colored btn-m not-reload" data-action="click"
                                             data-fn="removeParent" href="#" role="button" title="Pokračovat na Kupi.cz">Pokračovat na
                        Kupi.cz</a></p>
            </div>
        </div>
    </div>

                </div>
            </div>

                        
    <div class="toggle-box bottom" data-parentBox="seznamAdvantages">
        <div class="content-align">
            <p class="text-center margin-bt-20 margin-tp-0">
                <a href="" class="btn btn_default" data-action="click" role="button" data-fn="stepBack">← Zpět</a>
            </p>
            <div class="hd"><span class="h4 text-center">Výhody pro přihlášené uživatele</span></div>
            <ul class="icons-circle margin-bt-20" style="max-width: 300px; margin: 16px auto 0;">
                <li>Jeden zabezpečený účet pro všechny služby Seznamu</li>
                <li>Hlídání akcí u oblíbených produktů</li>
                <li>Oblíbené letáky a produkty vám doručíme na e-mail</li>
                <li>Věrnostní karty a funkce Kupi.cz vždy při ruce v <a href="/aplikace" title="Mobilní aplikace">mobilní aplikaci</a></li>
                <li>Sdílený nákupní seznam</li>
            </ul>
        </div>
    </div>


                        <div class="toggle-box" data-parentBox="congratulation">
                <div class="content-align">
                    
    <div class="hd"></div>
    <div class="bd">
        <div class="row smallscreen-text-center">
            <div class="column size2of3">
                <span class="h4 margin-rslt-36 hd-title font-s-16 bold">Děkujeme</span>
                <p class="margin-rslt-36">Vše proběhlo v pořádku a nyní si můžete Kupi.cz prohlížet.</p>
                <p class="text-left margin-rslt-36"><a class="btn btn_colored btn-m" id="kr_congrats_continue_btn"
                                                       data-action="click"
                                                       data-fn="removeParent" href="#" role="button"
                                                       title="Pokračovat na Kupi.cz">Pokračovat na Kupi.cz</a></p>
            </div>
        </div>
    </div>

                </div>
            </div>
        </div>
    
            </div>
        </div>
    </div>



<script src="/static/plugin.rus.js?v=327f2f45c0ee8d6dc82da8d871bb3f8b"></script>

<script type="text/javascript">
    $(document).ready(function () {
        new Rus(true, false, false, false);
    });
</script>    <script type="text/javascript" src="https://appleid.cdn-apple.com/appleauth/static/jsapi/appleid/1/cs_CZ/appleid.auth.js"></script>

<script>
    AppleID.auth.init({
        clientId: 'cz.kupi.app',
        scope: 'name email',
        redirectURI: 'https://www.kupi.cz',
        state: 'f5f8e9845afc47c81fbe6731330eb1b7696f2282962217460305797e7ab3a906958557870823641a481456de06da3ed0e36d86354a0de6fd751111bd24524e6b',
        usePopup: true
    });

    document.getElementById('appleid-signin-custom').addEventListener('click', function(){
        AppleID.auth.signIn();
        return false;
    });

    document.addEventListener('AppleIDSignInOnSuccess', (data) => {
        var d = data.detail,
            userData = {
                state: 'apple',
                code: d.authorization.code,
                token: d.authorization.id_token
            };

        if (d.hasOwnProperty('user') && d.user.hasOwnProperty('email')) {
            userData.email = d.user.email;
            if (d.user.hasOwnProperty('name')) {
                if (d.user.name.hasOwnProperty('firstName')) {
                    userData.firstName = d.user.name.firstName;
                }
                if (d.user.name.hasOwnProperty('lastName')) {
                    userData.lastName = d.user.name.lastName;
                }
            }
        }

        $.ajax({
            url: '/uzivatel/autorizace',
            method: 'POST',
            data: userData,
            success: function (response, textStats, jqXHR) {
                window.location.reload();
            }
        });
    });

    document.addEventListener('AppleIDSignInOnFailure', (error) => {
                console.info('Reload');
        console.info(error);

        // window.location.reload();
    });
</script>
<div class="notices"></div>

<div id="modal_menu_overlay"></div>

<script src="https://www.gstatic.com/firebasejs/7.9.0/firebase-app.js"></script>
<script src="https://www.gstatic.com/firebasejs/7.9.0/firebase-messaging.js"></script>
<script src="https://www.gstatic.com/firebasejs/7.9.0/firebase-analytics.js"></script>
<script src="/static/./js/notifications.firebase.min.js?v=360b822e5214a6a60defb2c109d68646"></script>
<script>

    $('[data-countries]').click(function(e){
        e.preventDefault();

        var p = $('.countries');
            p.removeClass('opened_popup');
            p.stop().fadeIn();
            lazyLoad();
        setTimeout(function () {
            p.addClass('opened_popup');
        },100);
    });

    window.csrfPopupToken = "d4338zqvrx";

    
    
    
    
    $(document).on('click', '.footer_links .footer_link', function(){
        addTrackEventTag('Paticka', $(this).attr('href'), window.location.pathname, false);
    });
</script>

<script src="/static/plugin.measuring_codes.js?v=cbeda1277dea246e610ce074de84ff2e"></script>
<script src="/static/components.js?v=0355043caf30440a8314f5660e15fd8e"></script>
<script src="/static/mandatory.js?v=6814b28aef4562b19a78df7ddcc7bfbc"></script>
<script src="/static/user.fb.js?v=cb9e0858c476d3f5e50c200bdac769c3"></script>
<script src="/static/user.js?v=cebf3870215d89ea88d6bbbc8f8cf07f"></script>
<script src="/static/userlist_fav.js?v=c1044ccf1239ed18eaa3aa84e86d3172"></script>




<script src="/static/./js/plugin.detect.data.min.js?v=6f760bfb36f4b1814d56fe23498efff6"></script>

<script>

    var openScmp = function(event){
        event.preventDefault();
        event.stopPropagation();
        scmp.open();
    }

            var themeActiveUrl = 'magazin_promo';

    $(document).ready(function(){

                new User({
            thisContent: $('.js-content'),
            hash: 'false',
                        ph: 'bt2hwc36uu10ww9jyfbwil0mf',
            gdprConditions: '',
            confirmed_newsletter: '',
            template: 'search_whisper',
            boxName: null,
            userViewInit: '',
            routes: {
                user: '/uzivatel',
                gdpr: '/confirm-conditions'
            }
        });

        
        new DtectData({
            routes: {
                images: '/logging'
            }
        });

                if(getCookieKupi('adb')) {
            if(getCookieKupi('adbwarn')==="" || false){
                $.colorbox({
                    fixed : true,
                    html: '<div id="msg" role="tooltip" tabindex="0" class="colorbox_content colorbox_info">' +
                        ' <h2 class="text-center colorbox_heading warning">Upozornění</h2> <p class="text-center font-s-16"> <strong>Na vašem zařízení je zapnuto blokování reklamy.</strong><br/> Pro správnou funkčnost <a href="https://www.kupi.cz" title="Kupi.cz">Kupi.cz</a> je nutné vypnout blokování reklamy.</p>' +
                        '<div class="text-center"><div class="clear small space_top"><button onclick="$.colorbox.close()" class="btn btn_colored">Rozumím</button><div class="clear small space_top"></div></div></div>',
                    onComplete: function(){
                        $('#msg').focus();
                    }
                });
                document.cookie = "adbwarn=1; path=/; secure";
            }
        }

            });
</script>

<script src="/static/./js/plugin.article_slider.min.js?v=db0065714d9936800946a55794099780"></script>

<script>
    new ArticleSlider({
        element : '.articles_selfpromo_v2'
    });
</script>

<script>
    window.lazyLoad();
</script>


    <script type="application/ld+json">
        {
            "@context": "http://schema.org",
            "@type": "WebSite",
            "url": "https://www.kupi.cz/",
            "potentialAction": {
                "@type": "SearchAction",
                "target": "https://www.kupi.cz/hledej?f={f}",
                "query-input": "required name=f"
            }
        }
    </script>


    <script src="/static/./js/ssp.ads.min.js?v=384a59fa896986e0fecf25e298949333"></script>

<script src="/static/./js/cmp.min.js?v=a4456f7afb390c04c4ed443af4f89a75"></script>


<script>
    $(document).ready(function(){
        setTimeout(function(){
            autolocationUser();
        }, 1000)
    });
</script>
<div id="overlay-mask"></div>
</body>
</html>
