
<!DOCTYPE html>
<html lang="cs">
	<head>

		<meta charset="utf-8">
        <meta http-equiv="X-UA-Compatible" content="IE=edge">
		<meta itemprop="name" content="Kupi.cz">
		<title>pivo akční zboží a slevy v obchodech | Kupi.cz</title>
		<meta name="description" content="Vyhledáváte slevy na pivo v nákupním rádci Kupi.cz. Kupi.cz vám přináší slevy v obchodech, slevy potravin a drogerie a hodnocení zboží. Nastavte si upozornění na nové slevy pivo.">
		<meta name="robots" content="all,follow">
        <meta name="viewport" content="width=device-width, initial-scale=1">

		<link href="https://www.kupi.cz" itemprop="url">

		<meta name="theme-color" content="#9725dd">
		<meta name="msapplication-navbutton-color" content="#9725dd">
		<meta name="apple-mobile-web-app-status-bar-style" content="#9725dd">

		<link rel="preload" as="script" href="https://login.kupi.cz/js/api/login.js">
		<link rel="preload" as="font" crossorigin="anonymous" href="https://www.kupi.cz/static/fonts/trivia/TriviaSeznam.woff2">
		<link rel="preload" as="font" crossorigin="anonymous" href="https://www.kupi.cz/static/fonts/trivia/TriviaSeznam-Bold.woff2">
		<link rel="preload" as="font" crossorigin="anonymous"  href="https://www.kupi.cz/static/icons/icomoon/fonts/icomoon.ttf?c5guxo">
		
		

		<link rel="preconnect" href="https://c.seznam.cz">
		<link rel="preconnect" href="https://login.szn.cz">
		<link rel="preconnect" href="https://go.eu.bbelements.com">

		<!-- App mac osx -->
		<meta name="apple-itunes-app" content="app-id=1230343927, affiliate-data=myAffiliateData, app-argument=/">

		
			    <meta property="og:image" content="https://img.kupi.cz/img/logos/fb_kupi.png">
	    <link rel="previewimage" href="https://img.kupi.cz/img/logos/fb_kupi.png">
	    <link rel="image_src" href="https://img.kupi.cz/img/logos/fb_kupi.png">
	    
	    <link rel="apple-touch-icon" href="https://img.kupi.cz/img/logos/favicon_apple_57x57.png"> 	    <link rel="apple-touch-icon" sizes="72x72" href="https://img.kupi.cz/img/logos/favicon_apple_72x72.png" alt="Ipad icon">
	    <link rel="apple-touch-icon" sizes="114x114" href="https://img.kupi.cz/img/logos/favicon_apple_114x114.png" alt="Iphone, Ipad icon">
	    <link rel="apple-touch-icon" sizes="200x200" href="https://img.kupi.cz/img/logos/kupi_ico_200x200.png" alt="Iphone, Ipad icon">

						<meta name="appleid-signin-client-id" content="cz.kupi.app">
		<meta name="appleid-signin-scope" content="email name">
		<meta name="appleid-signin-redirect-uri" content="https://www.kupi.cz">
		<meta name="appleid-signin-state" content="ac8ed3a62abf047d93a6fc99799fc563821a6fe8b73f6e5042ee15fc3ccd48ed574f7d5eb428fa7e2a15f7ce0dbee3f85b79e53c0a07e78f152ccee2637198d6">
		<meta name="appleid-signin-use-popup" content="true">
		
	    <link rel="shortcut icon" href="/favicon.ico?v=2">

					<link rel="stylesheet" href="/static/style_new.css?v=a28adeac2441ff9a0836980799ff2d9f">
				<link rel="stylesheet" href="/static/icons/icomoon/style.css?v=49f2baa591ec75bc6906d7fa0651d331" media="print" onload="this.media='all'">

		<link rel="manifest" href="/manifest.json">

        <!--[if lt IE 10]>
		<link rel="stylesheet" href="/static/modern.ie.css?v=be61ca2242ca3fce437e3e67cb16b94e">
        <![endif]-->

        <!--[if lt IE 9]>
		<link rel="stylesheet" href="/static/style.ie.css?v=8d5a2046802c01b78bcb450401efc585">
        <![endif]-->

		
		
		    <!-- CMP Transparency and Consent Framework (IAB TCF) -->
    <script>
        window['gtag_enable_tcf_support'] = true;
    </script>
    <!-- Google Tag Manager -->
    <script>(function(w,d,s,l,i){w[l]=w[l]||[];w[l].push({'gtm.start':
                new Date().getTime(),event:'gtm.js'});var f=d.getElementsByTagName(s)[0],
            j=d.createElement(s),dl=l!='dataLayer'?'&l='+l:'';j.async=true;j.src=
            'https://www.googletagmanager.com/gtm.js?id='+i+dl;f.parentNode.insertBefore(j,f);
        })(window,document,'script','dataLayer','GTM-N53LJ4C');</script>
    <!-- End Google Tag Manager -->
		



<!-- Global site tag (gtag.js) - Google Analytics -->
<script async src="https://www.googletagmanager.com/gtag/js?id=UA-34485919-1"></script>
<script>

    window.dataLayer = window.dataLayer || [];
    function gtag(){window.dataLayer.push(arguments);}
    gtag('js', new Date());

    gtag('consent', 'default', {
        'ad_storage' : 'denied',
        'analytics_storage' : 'denied',
        'functionality_storage' : 'denied',
        'personalization_storage' : 'denied',
        'security_storage' : 'denied',
        'wait_for_update': 500
    });

    gtag('set', {
        'allow_google_signals': false,
        'allow_ad_personalization_signals': false
    });

    gtag('config', 'UA-34485919-1', {
        'content_group5' : 'none',
        'user_id': ''
    });
</script>


<script type="text/javascript">

    
        gtag('set', 'dimension2', 'nepřihlášen');
    
    //gtag('event', 'pageview');

    function addTrackEvent(id, value, iter){
        if(typeof iter == "undefined") {

            gtag('event', value, {
                'event_category' : id,
                'event_label' : value,
            });
        }else if(iter == false) {

            gtag('event', value, {
                'event_category' : id,
                'event_label' : value,
                'nonInteraction': 1
            });
        }
    }


    function addTrackEventTag(id, value, tag, iter){
        if(typeof iter == "undefined") {

            gtag('event', value, {
                'event_category' : id,
                'event_label' : tag,
            });
        } else if(iter == false) {

            gtag('event', value, {
                'event_category' : id,
                'event_label' : tag,
                'nonInteraction': 1
            });
        }
    }

    function addTrackEventTagPartners(id, value, tag, iter){
        addTrackEventTag(id, value, tag, iter);
    }

    function addTrackDiscountsEvent(value){
        addTrackResultsEvent('slevy', value);
    }

    function addTrackProductsEvent(value){
        addTrackResultsEvent('produkty', value);
    }

    function addTrackLeafletsEvent(value){
        addTrackResultsEvent('letaky', value);
    }

    function addTrackResultsEvent(id, value){
        addTrackEventTag('result count', id, '', value, false);
    }

</script>

	    <script src="//cdnjs.cloudflare.com/ajax/libs/jquery/3.5.1/jquery.min.js"></script>
		<script async src="//cdnjs.cloudflare.com/ajax/libs/jquery.colorbox/1.6.4/jquery.colorbox-min.js"></script>
		<script async src="//cdnjs.cloudflare.com/ajax/libs/malihu-custom-scrollbar-plugin/3.1.5/jquery.mCustomScrollbar.min.js"></script>
		<script src="//login.kupi.cz/js/api/login.js"></script>

		
        
        
		<script src="/static/global.js?v=4dc8fa32bdeab6fab3cf9579f07daa0f"></script>

		<script type="text/javascript" src="//login.kupi.cz/js/api/login.js"></script>

	    
		
		
			<script>
				$.ajaxSetup({
					headers: {
						'X-Kupi': '1'
					}
				});
			</script>
		

		
		
		<script async src="//h.seznam.cz/js/dot-small.js"></script>
		<script>
			DOTConfig = {
				service: 'kupicz',
				rus: '',
				rusId: '',
				said: null			};

			var ab = getCookieKupi("abVariant");
			if(ab && ab !== "exclude"){
				var _abVariant = ab;
			}

		</script>

   		   				<script type="text/javascript">
		var pp_gemius_identifier = '0iTq9ibFowq49pJ4p5uMx2XjfQWZ3_9qqRNQmzr4MtL.o7';
		var pp_gemius_extraparameters = ['gA=kupi.cz/Ostatni'];
	</script>
   			<script>
    <!--//--><![CDATA[//><!--
    var pp_gemius_use_cmp = true;
    var intiGemius = function(e){
        function gemius_pending(i) { window[i] = window[i] || function() {var x =
            window[i+'_pdata'] = window[i+'_pdata'] ||
                [];x[x.length]=arguments;};};gemius_pending('gemius_hit'); gemius_pending('gemius_event');
        gemius_pending('pp_gemius_hit'); gemius_pending('pp_gemius_event');(function(d,t) {try {var
            gt=d.createElement(t),s=d.getElementsByTagName(t)[0],l='http'+((location.protocol=='https:'
            )?'s':''); gt.setAttribute('async','async');gt.setAttribute('defer','defer');
            gt.src=l+'://gacz.hit.gemius.pl/xgemius.js'; s.parentNode.insertBefore(gt,s);} catch (e)
        {}})(document,'script');
        window.removeEventListener("kupi.cmp.load",intiGemius)
    }
    window.addEventListener("kupi.cmp.load",intiGemius)
    //--><!]]>
</script>
   		
					<script async src="https://ssp.seznam.cz/static/js/ssp.js" type="text/javascript"></script>
<script>
    var advSection = '';
    var advFlag = '';
    var adBlockOn = false;
</script>        	</head>

	<body  class=" no_login" >

		
			<!-- Google Tag Manager (noscript) -->
			<noscript><iframe src="https://www.googletagmanager.com/ns.html?id=GTM-N53LJ4C" height="0" width="0" style="display:none;visibility:hidden"></iframe></noscript>
			<!-- End Google Tag Manager (noscript) -->
		

	    
				<div aria-hidden="true" class="top_background">
							    <div class="ssp_top" data-sssp="ssp_top" data-device="desktop"></div>
						<div class="content_shadow"></div>
		</div>
		
		<div class="page_wrapper  top_bg_content ">

			            	<div id="head_fixed_start" class="start_header_scroll"></div>
<div class="header_placeholder"></div>

<div id="head_wrapper" class="header_wrapper">


    <div class="header flex" role="banner" aria-labelledby="hlavicka">

        <button class="htgl" title="Zobrazit menu"><svg viewBox="0 0 24 24" xmlns="http://www.w3.org/2000/svg"><path d="M3 18h18v-2H3v2zm0-5h18v-2H3v2zm0-7v2h18V6H3z"></path></svg></button>

        <h5 id="hlavicka" aria-level="1" class="blind">Hlavička</h5>

        <a href="/" class="logo" title="Kupi.cz - letáky, akce"><span class="blind">Kupi.cz - letáky, akce</span></a>

        <div class="header_menu_wrap flex-grow text-center">

            <div class="header_menu">
    <a href="/" title="Akční letáky" class="first" >Letáky</a>
    <a href="/slevy" title="Slevy" class="">Akce</a>
    <a href="https://www.kupi.cz/magazin/" title="Kupi Magazín" class="last">Magazín</a>
</div>
            <div class="header_search" role="search" aria-labelledby="label-hledat"><h5 id="label-hledat" class="blind">Hledat:</h5>

                <div class="header_form_content">
                    <div class="wide left">
                        <form method="GET" action="https://www.kupi.cz/hledej" id="search_form">

                            <label class="search_label" for="search_text"><span id="search_text_label" class="blind">Hledej na Kupi.cz</span>

                                <input type="text" id="search_text" aria-labelledby="search_text_label" class="input_with_close empty_input_helper" data-for="empty_top_search_whisper" name="f" autocomplete="off" placeholder="Co hledáte? Persil, pivo, leták…" value="">

                                <a href="#" id="search_clear_input" aria-labelledby="search_disable_label" role="button" class="hdn ico_close2"></a>

                                <span id="search_disable_label" class="blind">Vymazat zadaný dotaz hledání</span>

                            </label>

                            <button type="submit" id="search_submit" aria-labelledby="label_vyhledat"></button><label for="search_submit" id="label_vyhledat" class="blind">Vyhledat</label>
                        </form>
                    </div>
                </div>

                <div class="header_search_close right">
                    <button id="close_header_search" class="btn btn_default">Zavřít</button>
                </div>

                <div id="empty_top_search_whisper" class="dropdown_menu opened_popup">
                    <div id="empty_search_categories">
                        <div class="whisper_categories search_headline clear_top">Doporučené kategorie</div>
                                                    <a href="/slevy/alkohol" class="suggest_item suggest_categories">Alkohol</a>
                                                    <a href="/slevy/auto-moto" class="suggest_item suggest_categories">Auto - moto</a>
                                                    <a href="/slevy/domacnost" class="suggest_item suggest_categories">Bydlení</a>
                                                    <a href="/slevy/drogerie" class="suggest_item suggest_categories">Drogerie</a>
                                                    <a href="/slevy/elektro" class="suggest_item suggest_categories">Elektro</a>
                                                    <a href="/slevy/hracky-2" class="suggest_item suggest_categories">Hračky</a>
                                                    <a href="/slevy/kancelarske-potreby-a-knihy-2" class="suggest_item suggest_categories">Kancelářské potřeby a knihy</a>
                                                    <a href="/slevy/konzervy" class="suggest_item suggest_categories">Konzervy</a>
                                                    <a href="/slevy/krasa" class="suggest_item suggest_categories">Krása</a>
                                                    <a href="/slevy/lahudky" class="suggest_item suggest_categories">Lahůdky</a>
                                                    <a href="/slevy/lekarna" class="suggest_item suggest_categories">Lékárna</a>
                                                    <a href="/slevy/maso-drubez-a-ryby" class="suggest_item suggest_categories">Maso, uzeniny a ryby</a>
                                                    <a href="/slevy/mazlicci" class="suggest_item suggest_categories">Mazlíčci</a>
                                                    <a href="/slevy/mlecne-vyrobky-a-vejce" class="suggest_item suggest_categories">Mléčné výrobky a vejce</a>
                                                    <a href="/slevy/mrazene-a-instantni-potraviny" class="suggest_item suggest_categories">Mražené a instantní potraviny</a>
                                                    <a href="/slevy/nabytek-2" class="suggest_item suggest_categories">Nábytek</a>
                                                    <a href="/slevy/nealko-napoje" class="suggest_item suggest_categories">Nealko nápoje</a>
                                                    <a href="/slevy/obleceni-a-obuv" class="suggest_item suggest_categories">Oblečení a obuv</a>
                                                    <a href="/slevy/ovoce-a-zelenina" class="suggest_item suggest_categories">Ovoce a zelenina</a>
                                                    <a href="/slevy/pecivo" class="suggest_item suggest_categories">Pečivo</a>
                                                    <a href="/slevy/pro-deti" class="suggest_item suggest_categories">Pro děti</a>
                                                    <a href="/slevy/sladkosti-a-slane-snacky" class="suggest_item suggest_categories">Sladkosti a slané snacky</a>
                                                    <a href="/slevy/sport-2" class="suggest_item suggest_categories">Sport</a>
                                                    <a href="/slevy/vareni-a-peceni" class="suggest_item suggest_categories">Vaření a pečení</a>
                                                    <a href="/slevy/bydleni-a-zahrada" class="suggest_item suggest_categories">Zahrada</a>
                                                    <a href="/slevy/zdrava-vyziva" class="suggest_item suggest_categories">Zdravá výživa</a>
                                            </div>
                </div>

                <div class="dropdown_menu search_results opened_popup">
                    <div class="around_search"></div>
                </div>

                <button title="Zobrazit vyhledávání" class="btn_open_mobile_whisperer"></button>

            </div>
        </div>

            <div id="header_badge"></div>
    <a id="header_login" data-action="click" data-fn="rusInit" class="" href="#">Přihlásit</a>
    <script>
        //----------------------
        // Init SZN Login Badge
        //----------------------
        window.addEventListener('load', function() {
            if (window.hasOwnProperty('login') && window.login.hasOwnProperty('badge')) {

                login.cfg({ serviceId: "kupi" });

                var badgeEl = document.querySelector("#header_badge");

                if (badgeEl && 'id' in badgeEl) {

                    var node = login.badge.build();
                    var headerLogin = $('#header_login');

                    if (headerLogin.length) {
                        headerLogin.hide();
                    }

                    badgeEl.appendChild(node);

                    $(badgeEl).css({
                        'display': 'block'
                    });
                }
            }
        });

        $(document).on('click', '#header_login', function () {
            addTrackEventTag('login', 'login', window.location.pathname, false);
        });
    </script>

        <div class="header_links">
            <a href="https://www.seznam.cz" title="Seznam.cz" class="link_seznam">Seznam.cz</a>
        </div>
    </div>
</div>
<div id="mobile_menu" class="closed hidden_hard">

    <div class="header_menu">
    <a href="/" title="Akční letáky" class="first" >Letáky</a>
    <a href="/slevy" title="Slevy" class="">Akce</a>
    <a href="https://www.kupi.cz/magazin/" title="Kupi Magazín" class="last">Magazín</a>
</div>
    <ul id="mobile_cats">

                                    <li>
                    <a href="/slevy/alkohol" title="Alkohol">Alkohol</a>
                </li>
                            <li>
                    <a href="/slevy/auto-moto" title="Auto - moto">Auto - moto</a>
                </li>
                            <li>
                    <a href="/slevy/domacnost" title="Bydlení">Bydlení</a>
                </li>
                            <li>
                    <a href="/slevy/drogerie" title="Drogerie">Drogerie</a>
                </li>
                            <li>
                    <a href="/slevy/elektro" title="Elektro">Elektro</a>
                </li>
                            <li>
                    <a href="/slevy/hracky-2" title="Hračky">Hračky</a>
                </li>
                            <li>
                    <a href="/slevy/kancelarske-potreby-a-knihy-2" title="Kancelářské potřeby a knihy">Kancelářské potřeby a knihy</a>
                </li>
                            <li>
                    <a href="/slevy/konzervy" title="Konzervy">Konzervy</a>
                </li>
                            <li>
                    <a href="/slevy/krasa" title="Krása">Krása</a>
                </li>
                            <li>
                    <a href="/slevy/lahudky" title="Lahůdky">Lahůdky</a>
                </li>
                            <li>
                    <a href="/slevy/lekarna" title="Lékárna">Lékárna</a>
                </li>
                            <li>
                    <a href="/slevy/maso-drubez-a-ryby" title="Maso, uzeniny a ryby">Maso, uzeniny a ryby</a>
                </li>
                            <li>
                    <a href="/slevy/mazlicci" title="Mazlíčci">Mazlíčci</a>
                </li>
                            <li>
                    <a href="/slevy/mlecne-vyrobky-a-vejce" title="Mléčné výrobky a vejce">Mléčné výrobky a vejce</a>
                </li>
                            <li>
                    <a href="/slevy/mrazene-a-instantni-potraviny" title="Mražené a instantní potraviny">Mražené a instantní potraviny</a>
                </li>
                            <li>
                    <a href="/slevy/nabytek-2" title="Nábytek">Nábytek</a>
                </li>
                            <li>
                    <a href="/slevy/nealko-napoje" title="Nealko nápoje">Nealko nápoje</a>
                </li>
                            <li>
                    <a href="/slevy/obleceni-a-obuv" title="Oblečení a obuv">Oblečení a obuv</a>
                </li>
                            <li>
                    <a href="/slevy/ovoce-a-zelenina" title="Ovoce a zelenina">Ovoce a zelenina</a>
                </li>
                            <li>
                    <a href="/slevy/pecivo" title="Pečivo">Pečivo</a>
                </li>
                            <li>
                    <a href="/slevy/pro-deti" title="Pro děti">Pro děti</a>
                </li>
                            <li>
                    <a href="/slevy/sladkosti-a-slane-snacky" title="Sladkosti a slané snacky">Sladkosti a slané snacky</a>
                </li>
                            <li>
                    <a href="/slevy/sport-2" title="Sport">Sport</a>
                </li>
                            <li>
                    <a href="/slevy/vareni-a-peceni" title="Vaření a pečení">Vaření a pečení</a>
                </li>
                            <li>
                    <a href="/slevy/bydleni-a-zahrada" title="Zahrada">Zahrada</a>
                </li>
                            <li>
                    <a href="/slevy/zdrava-vyziva" title="Zdravá výživa">Zdravá výživa</a>
                </li>
                    
    </ul>
</div>

            
						
						







				<div class="content_page relative">
										<span data-daysNumberThirty="1"></span>
<div class="relative with_right_content">
	<div class="wide left page_content_holder">


                    <h2 class="text-center">Výsledky hledání <strong>„pivo“</strong>                
    <span class="locality_near_headline">
        v lokalitě&nbsp;<a href="/lokalita" data-action="onClick" data-fn="userSetPosition" title="Změnit lokalitu" class="reverse_link">Česká, Brno-venkov</a>
    </span>
</h2>
            <div class="space_top default"></div>
        
        
                                                        <h3>Kategorie</h3>

                    <ul class="filter_items default_filter_items">
                                                    <li>
                                <a href="/akce/pivo#sgc=pivo" class="whisper_item">
                                                                        <div class="whisper_category_ico ico_alkohol"></div>
                                                                        <span>pivo</span>
                                </a>
                            </li>
                                            </ul>

                    <div class="clear"></div>
                    <div class="space_bottom"></div>
                                                                
        
                            <div id="plist_filter_bar">
                    <h3>Produkty </h3>
                    <a href="/hledej?f=pivo&vse=1" class="plf plf_all ">všechny</a>
                    <a href="/hledej?f=pivo&vse=0" class="plf plf_dis active">v akci</a>
                </div>
            
            <div id="product_append">
                        


        
        
        
    <div class="page_loader normal_box" data-type="prev"></div>
    <div class="text-center space_top default">
        <a href="/hledej?page=4&f=pivo&f=pivo&vse=0" class="btn btn_colored big load_discounts" data-vse="0" data-type="prev" data-lp="2" data-find="pivo" data-url="/get-akce">Načíst předcházející zboží</a>
        <div class="space_top default discount_prev_button_space"></div>
    </div>

    <script>
        if($('.group_discounts[data-page=2]').length) {
            $('.load_discounts[data-lp=2]').parent().remove();
        }
    </script>

            


    
        <div class="group_discounts active" data-page="3">
            <div class="absolute product_target" id="1365" style="top: -80px;"></div>

            <div class="product_image">
                <a href="/sleva/pivo-svetly-lezak-12-staropramen" title="Pivo světlý ležák 12° Staropramen" aria-hidden="true" tabindex="-1" class="open_detail" class="product_link_history" data-product-id="1365" data-product="pivo-svetly-lezak-12-staropramen">
                    <img src="/img/no_img/no_discounts.png"
                         data-src="https://img.kupi.cz/kupi/thumbs/pivo-svetly-lezak-12-staropramen_box_120_140.jpg"
                         alt="Pivo světlý ležák 12° Staropramen">
                </a>
                <span class="label-supplement">ilustrační obrázek</span>
            </div>

            <div class="relative product_discounts">
                <div class="wide left">
                    <div class="relative product_name_around" style="margin-right: 32px;">
                        <div data-product="1365" class="log_product product_name wide">
                            <h2>
                                <a title="Pivo světlý ležák 12° Staropramen" aria-label="Pivo světlý ležák 12° Staropramen v akci za 11,90 Kč" href="/sleva/pivo-svetly-lezak-12-staropramen" class="product_link_history" data-product="pivo-svetly-lezak-12-staropramen">
                                    <strong>Pivo světlý ležák 12° Staropramen</strong>
                                </a>

                                <span class="nowrap">
                                                                                                                                                                        <span>0.5 l</span>
                                                                                                                        
                                                                    </span>
                            </h2>

                            <div class="product_my_leaflet">
                                


    
                                
        
        <div class="save_item_content nologin_save_item  "
             data-idf="product_discounts_1365">
			<span class="link_content">
                
    <span class="spinner-absolute spinner-btn no_content hdn"><span class="js-loader"></span></span>

                <a data-rustmp="1" data-action="click" data-fn="rusInit" href="#"
                   aria-label="Přidat produkt do oblíbených - nutné přihlášení uživatele" style="line-height: 0;"
                   class="toggle_saved_item btn btn_default top_link link_heart " data-idf="product_discounts_1365" data-type="product"
                   data-item="1365"><span>Přidat produkt do oblíbených</span></a>
			</span>
                            <span class="saved_item_text">
                                                            Zapněte si oblíbené a upozorníme vás na novou akci
                                    		    </span>
                    </div>
                                </div>

                                                                                        <div id="price_1365" class="avg_price">Běžná cena: <span>19,94</span>&nbsp;Kč</div>
                            
                        </div>
                    </div>
                </div>
            </div>

            <div class="clear"></div>
                                    
    
<div class="relative product_discounts product_discounts_overview" id="product_1365">
    <table class="wide discounts_table">

                            
                        
                                        
            <tr data-product="1365" data-discount="5105320" class="log_discount discount_row only_discount" data-key="0.5-l" id="discount_5105320">
                <td width="60" class="text-left discounts_shop_image">
                                            <a href="/letaky/tesco" class="product_link_history" data-product="pivo-svetly-lezak-12-staropramen" title="Tesco leták">
                            <img src="https://img.kupi.cz/kupi/thumbs/loga_shopy/tesco-hypermarket_80.png" alt="Tesco leták" width="50">
                        </a>
                                    </td>

                <td class="discounts_shop_info">
                    <span class="discounts_shop_name">
                        <a href="/letaky/tesco" class="product_link_history" data-product="pivo-svetly-lezak-12-staropramen" title="Tesco">
                            <span>
                                                                    Tesco
                                                                            
                                                                                                </span>
                        </a>

                                                                    </span>

                    
                                            <div class="discounts_markets">
                                                            <a href="/obchod/tesco/tesco-brno-cimburkova" title="Tesco" data-shop="Tesco" class="product_link_history" data-product="pivo-svetly-lezak-12-staropramen">platí pro 8 nejbližších poboček</a>
                                                    </div>
                                    </td>

                <td class="text-left discounts_price">
                    <span class="discount_price_label">cena</span>
                    <div class="left">
                        <strong class="discount_price_value">11,90&nbsp;Kč</strong>
                    </div>

                                            <div class="discount_amount left">
                            &nbsp;/&nbsp;0.5 l                        </div>
                    
                                            <div class="discount_percentage">&ndash;37&nbsp;%</div>
                    
                    <div class="clear"></div>

                    <span style="font-size: 12px;">
                                                                                                23,80&nbsp;Kč&nbsp;/&nbsp;1&nbsp;l                                                                                    </span>

                                            <div class="discounts_club">
                            Platí pro členy klubu
                        </div>
                    
                                            <div class="discount_note">
                            +3 Kč záloha na láhev                        </div>
                                    </td>

                <td class="text-left discounts_validity valid_discount">
                                                                        platí do úterý <span style="white-space: nowrap;">13. 9. </span>
                                                            </td>

                <td class="discounts_list_add">

                                            <div class="add_list_wrap">
                        


    
                                
        
        <div class="save_item_content nologin_save_item icon_only "
             data-idf="product_discounts_1365">
			<span class="link_content">
                
    <span class="spinner-absolute spinner-btn no_content hdn"><span class="js-loader"></span></span>

                <a data-rustmp="1" data-action="click" data-fn="rusInit" href="#"
                   aria-label="Přidat produkt do oblíbených - nutné přihlášení uživatele" style="line-height: 0;"
                   class="toggle_saved_item btn btn_default top_link link_heart " data-idf="product_discounts_1365" data-type="product"
                   data-item="1365"><span>Přidat produkt do oblíbených</span></a>
			</span>
                    </div>
                            </div>
                    
                                            <a data-product-id="1365" href="#5105320" role="button" aria-label="Přidat Pivo světlý ležák 12° Staropramen do nákupního seznamu" data-shop="1" data-price="11.9" data-product="Pivo světlý ležák 12° Staropramen" class="btn btn_colored btn_list_add no_login">Přidat</a>
                                    </td>
            </tr>
                    
            
            <tr data-product="1365" data-discount="5149559" class="log_discount discount_row only_discount" data-key="0.5-l" id="discount_5149559">
                <td width="60" class="text-left discounts_shop_image">
                                            <a href="/letaky/lidl" class="product_link_history" data-product="pivo-svetly-lezak-12-staropramen" title="Lidl leták">
                            <img src="https://img.kupi.cz/kupi/thumbs/loga_shopy/lidl_80.png" alt="Lidl leták" width="50">
                        </a>
                                    </td>

                <td class="discounts_shop_info">
                    <span class="discounts_shop_name">
                        <a href="/letaky/lidl" class="product_link_history" data-product="pivo-svetly-lezak-12-staropramen" title="Lidl">
                            <span>
                                                                    Lidl
                                                                                                                                                                            </span>
                        </a>

                                                                    </span>

                    
                                            <div class="discounts_markets">
                                                            <a href="/obchod/lidl/lidl-kurim" title="Lidl" data-shop="Lidl" class="product_link_history" data-product="pivo-svetly-lezak-12-staropramen">platí pro 21 nejbližších poboček</a>
                                                    </div>
                                    </td>

                <td class="text-left discounts_price price_future_discount">
                    <span class="discount_price_label">cena</span>
                    <div class="left">
                        <strong class="discount_price_value">11,90&nbsp;Kč</strong>
                    </div>

                                            <div class="discount_amount left">
                            &nbsp;/&nbsp;0.5 l                        </div>
                    
                    
                    <div class="clear"></div>

                    <span style="font-size: 12px;">
                                                                                                23,80&nbsp;Kč&nbsp;/&nbsp;1&nbsp;l                                                                                    </span>

                    
                                            <div class="discount_note">
                            +3 Kč záloha na láhev                        </div>
                                    </td>

                <td class="text-left discounts_validity">
                                                                        čt 15. 9.  &ndash; ne 18. 9. 
                                                            </td>

                <td class="discounts_list_add">

                                            <div class="add_list_wrap">
                        


    
                                
        
        <div class="save_item_content nologin_save_item icon_only "
             data-idf="product_discounts_1365">
			<span class="link_content">
                
    <span class="spinner-absolute spinner-btn no_content hdn"><span class="js-loader"></span></span>

                <a data-rustmp="1" data-action="click" data-fn="rusInit" href="#"
                   aria-label="Přidat produkt do oblíbených - nutné přihlášení uživatele" style="line-height: 0;"
                   class="toggle_saved_item btn btn_default top_link link_heart " data-idf="product_discounts_1365" data-type="product"
                   data-item="1365"><span>Přidat produkt do oblíbených</span></a>
			</span>
                    </div>
                            </div>
                    
                                            <a data-product-id="1365" href="#5149559" role="button" aria-label="Přidat Pivo světlý ležák 12° Staropramen do nákupního seznamu" data-shop="6" data-price="11.9" data-product="Pivo světlý ležák 12° Staropramen" class="btn btn_colored btn_list_add no_login">Přidat</a>
                                    </td>
            </tr>
                    
            
            <tr data-product="1365" data-discount="5141096" class="log_discount discount_row only_discount" data-key="0.5-l" id="discount_5141096">
                <td width="60" class="text-left discounts_shop_image">
                                            <a href="/letaky/billa" class="product_link_history" data-product="pivo-svetly-lezak-12-staropramen" title="BILLA leták">
                            <img src="https://img.kupi.cz/kupi/thumbs/loga_shopy/billa_80.png" alt="BILLA leták" width="50">
                        </a>
                                    </td>

                <td class="discounts_shop_info">
                    <span class="discounts_shop_name">
                        <a href="/letaky/billa" class="product_link_history" data-product="pivo-svetly-lezak-12-staropramen" title="BILLA">
                            <span>
                                                                    BILLA
                                                                                                                                                                            </span>
                        </a>

                                                                    </span>

                    
                                            <div class="discounts_markets">
                                                            <a href="/obchod/billa/billa-brno-podperova" title="BILLA" data-shop="BILLA" class="product_link_history" data-product="pivo-svetly-lezak-12-staropramen">platí pro 14 nejbližších poboček</a>
                                                    </div>
                                    </td>

                <td class="text-left discounts_price">
                    <span class="discount_price_label">cena</span>
                    <div class="left">
                        <strong class="discount_price_value">14,90&nbsp;Kč</strong>
                    </div>

                                            <div class="discount_amount left">
                            &nbsp;/&nbsp;0.5 l                        </div>
                    
                    
                    <div class="clear"></div>

                    <span style="font-size: 12px;">
                                                                                                29,80&nbsp;Kč&nbsp;/&nbsp;1&nbsp;l                                                                                    </span>

                    
                                    </td>

                <td class="text-left discounts_validity valid_discount">
                                                                        platí do úterý <span style="white-space: nowrap;">13. 9. </span>
                                                            </td>

                <td class="discounts_list_add">

                                            <div class="add_list_wrap">
                        


    
                                
        
        <div class="save_item_content nologin_save_item icon_only "
             data-idf="product_discounts_1365">
			<span class="link_content">
                
    <span class="spinner-absolute spinner-btn no_content hdn"><span class="js-loader"></span></span>

                <a data-rustmp="1" data-action="click" data-fn="rusInit" href="#"
                   aria-label="Přidat produkt do oblíbených - nutné přihlášení uživatele" style="line-height: 0;"
                   class="toggle_saved_item btn btn_default top_link link_heart " data-idf="product_discounts_1365" data-type="product"
                   data-item="1365"><span>Přidat produkt do oblíbených</span></a>
			</span>
                    </div>
                            </div>
                    
                                            <a data-product-id="1365" href="#5141096" role="button" aria-label="Přidat Pivo světlý ležák 12° Staropramen do nákupního seznamu" data-shop="5" data-price="14.9" data-product="Pivo světlý ležák 12° Staropramen" class="btn btn_colored btn_list_add no_login">Přidat</a>
                                    </td>
            </tr>
                        </table>
    
    <div class="discounts_show_all_shops only_discount" data-product="1365" style="display: none;">
        <a role="button" href="#1365" class="purple_link discount_all_shops only_discount">Další obchody (<span>-1</span>)</a>
    </div>
</div>

    <div class="product_price_from">
        od <strong>11,90&nbsp;Kč</strong>
    </div>
                            <div class="clear"></div>
        </div>

        
        
        
    

    
        <div class="group_discounts active" data-page="3">
            <div class="absolute product_target" id="123962" style="top: -80px;"></div>

            <div class="product_image">
                <a href="/sleva/pivo-svetle-velkopopovicky-kozel" title="Pivo světlé Velkopopovický Kozel" aria-hidden="true" tabindex="-1" class="open_detail" class="product_link_history" data-product-id="123962" data-product="pivo-svetle-velkopopovicky-kozel">
                    <img src="/img/no_img/no_discounts.png"
                         data-src="https://img.kupi.cz/kupi/thumbs/pivo-svetle-velkopopovicky-kozel_box_120_140.png"
                         alt="Pivo světlé Velkopopovický Kozel">
                </a>
                <span class="label-supplement">ilustrační obrázek</span>
            </div>

            <div class="relative product_discounts">
                <div class="wide left">
                    <div class="relative product_name_around" style="margin-right: 32px;">
                        <div data-product="123962" class="log_product product_name wide">
                            <h2>
                                <a title="Pivo světlé Velkopopovický Kozel" aria-label="Pivo světlé Velkopopovický Kozel v akci za 14,90 Kč" href="/sleva/pivo-svetle-velkopopovicky-kozel" class="product_link_history" data-product="pivo-svetle-velkopopovicky-kozel">
                                    <strong>Pivo světlé Velkopopovický Kozel</strong>
                                </a>

                                <span class="nowrap">
                                                                                                                                                                        <span>0.5 l</span>
                                                                                                                        
                                                                    </span>
                            </h2>

                            <div class="product_my_leaflet">
                                


    
                                
        
        <div class="save_item_content nologin_save_item  "
             data-idf="product_discounts_123962">
			<span class="link_content">
                
    <span class="spinner-absolute spinner-btn no_content hdn"><span class="js-loader"></span></span>

                <a data-rustmp="1" data-action="click" data-fn="rusInit" href="#"
                   aria-label="Přidat produkt do oblíbených - nutné přihlášení uživatele" style="line-height: 0;"
                   class="toggle_saved_item btn btn_default top_link link_heart " data-idf="product_discounts_123962" data-type="product"
                   data-item="123962"><span>Přidat produkt do oblíbených</span></a>
			</span>
                            <span class="saved_item_text">
                                                            Zapněte si oblíbené a upozorníme vás na novou akci
                                    		    </span>
                    </div>
                                </div>

                                                                                        <div id="price_123962" class="avg_price">Běžná cena: <span>16,53</span>&nbsp;Kč</div>
                            
                        </div>
                    </div>
                </div>
            </div>

            <div class="clear"></div>
                                    
    
<div class="relative product_discounts product_discounts_overview" id="product_123962">
    <table class="wide discounts_table">

                            
                        
                                        
            <tr data-product="123962" data-discount="5107522" class="log_discount discount_row only_discount" data-key="0.5-l" id="discount_5107522">
                <td width="60" class="text-left discounts_shop_image">
                                            <a href="/letaky/flop" class="product_link_history" data-product="pivo-svetle-velkopopovicky-kozel" title="FLOP leták">
                            <img src="https://img.kupi.cz/kupi/thumbs/loga_shopy/type-flop_80.png" alt="FLOP leták" width="50">
                        </a>
                                    </td>

                <td class="discounts_shop_info">
                    <span class="discounts_shop_name">
                        <a href="/letaky/flop" class="product_link_history" data-product="pivo-svetle-velkopopovicky-kozel" title="FLOP">
                            <span>
                                                                    FLOP                                                            </span>
                        </a>

                                                                    </span>

                    
                                            <div class="discounts_markets">
                                                            <a href="/obchod/flop/flop-kurim" title="FLOP" data-shop="FLOP" class="product_link_history" data-product="pivo-svetle-velkopopovicky-kozel">platí pro 7 nejbližších poboček</a>
                                                    </div>
                                    </td>

                <td class="text-left discounts_price">
                    <span class="discount_price_label">cena</span>
                    <div class="left">
                        <strong class="discount_price_value">14,90&nbsp;Kč</strong>
                    </div>

                                            <div class="discount_amount left">
                            &nbsp;/&nbsp;0.5 l                        </div>
                    
                    
                    <div class="clear"></div>

                    <span style="font-size: 12px;">
                                                                                                29,80&nbsp;Kč&nbsp;/&nbsp;1&nbsp;l                                                                                    </span>

                    
                                            <div class="discount_note">
                            plech                        </div>
                                    </td>

                <td class="text-left discounts_validity valid_discount">
                                                                        dnes končí
                                                            </td>

                <td class="discounts_list_add">

                                            <div class="add_list_wrap">
                        


    
                                
        
        <div class="save_item_content nologin_save_item icon_only "
             data-idf="product_discounts_123962">
			<span class="link_content">
                
    <span class="spinner-absolute spinner-btn no_content hdn"><span class="js-loader"></span></span>

                <a data-rustmp="1" data-action="click" data-fn="rusInit" href="#"
                   aria-label="Přidat produkt do oblíbených - nutné přihlášení uživatele" style="line-height: 0;"
                   class="toggle_saved_item btn btn_default top_link link_heart " data-idf="product_discounts_123962" data-type="product"
                   data-item="123962"><span>Přidat produkt do oblíbených</span></a>
			</span>
                    </div>
                            </div>
                    
                                            <a data-product-id="123962" href="#5107522" role="button" aria-label="Přidat Pivo světlé Velkopopovický Kozel do nákupního seznamu" data-shop="235" data-price="14.9" data-product="Pivo světlé Velkopopovický Kozel" class="btn btn_colored btn_list_add no_login">Přidat</a>
                                    </td>
            </tr>
                        </table>
    
    <div class="discounts_show_all_shops only_discount" data-product="123962" style="display: none;">
        <a role="button" href="#123962" class="purple_link discount_all_shops only_discount">Další obchody (<span>-3</span>)</a>
    </div>
</div>

    <div class="product_price_from">
        od <strong>14,90&nbsp;Kč</strong>
    </div>
                            <div class="clear"></div>
        </div>

        
        
            
                <div class="position_wrap">
                                            <div class="ssp_middle" data-sssp="ssp_middle" data-device="desktop"></div>
            

                </div>

            
        
        
    

    
        <div class="group_discounts active" data-page="3">
            <div class="absolute product_target" id="48102" style="top: -80px;"></div>

            <div class="product_image">
                <a href="/sleva/pivo-svetle-vycepni-10-zlatopramen" title="Pivo světlé výčepní 10° Zlatopramen" aria-hidden="true" tabindex="-1" class="open_detail" class="product_link_history" data-product-id="48102" data-product="pivo-svetle-vycepni-10-zlatopramen">
                    <img src="/img/no_img/no_discounts.png"
                         data-src="https://img.kupi.cz/kupi/thumbs/pivo-svetle-vycepni-zlatopramen-1_box_120_140.jpg"
                         alt="Pivo světlé výčepní 10° Zlatopramen">
                </a>
                <span class="label-supplement">ilustrační obrázek</span>
            </div>

            <div class="relative product_discounts">
                <div class="wide left">
                    <div class="relative product_name_around" style="margin-right: 32px;">
                        <div data-product="48102" class="log_product product_name wide">
                            <h2>
                                <a title="Pivo světlé výčepní 10° Zlatopramen" aria-label="Pivo světlé výčepní 10° Zlatopramen v akci za 32,90 Kč" href="/sleva/pivo-svetle-vycepni-10-zlatopramen" class="product_link_history" data-product="pivo-svetle-vycepni-10-zlatopramen">
                                    <strong>Pivo světlé výčepní 10° Zlatopramen</strong>
                                </a>

                                <span class="nowrap">
                                                                                                                                                                        <span>2 l</span>
                                                                                                                        
                                                                    </span>
                            </h2>

                            <div class="product_my_leaflet">
                                


    
                                
        
        <div class="save_item_content nologin_save_item  "
             data-idf="product_discounts_48102">
			<span class="link_content">
                
    <span class="spinner-absolute spinner-btn no_content hdn"><span class="js-loader"></span></span>

                <a data-rustmp="1" data-action="click" data-fn="rusInit" href="#"
                   aria-label="Přidat produkt do oblíbených - nutné přihlášení uživatele" style="line-height: 0;"
                   class="toggle_saved_item btn btn_default top_link link_heart " data-idf="product_discounts_48102" data-type="product"
                   data-item="48102"><span>Přidat produkt do oblíbených</span></a>
			</span>
                            <span class="saved_item_text">
                                                            Zapněte si oblíbené a upozorníme vás na novou akci
                                    		    </span>
                    </div>
                                </div>

                                                                                        <div id="price_48102" class="avg_price">Běžná cena: <span>45,90</span>&nbsp;Kč</div>
                            
                        </div>
                    </div>
                </div>
            </div>

            <div class="clear"></div>
                                    
    
<div class="relative product_discounts product_discounts_overview" id="product_48102">
    <table class="wide discounts_table">

                            
                        
                                        
            <tr data-product="48102" data-discount="5143448" class="log_discount discount_row only_discount" data-key="2-l" id="discount_5143448">
                <td width="60" class="text-left discounts_shop_image">
                                            <a href="/letaky/globus" class="product_link_history" data-product="pivo-svetle-vycepni-10-zlatopramen" title="Globus leták">
                            <img src="https://img.kupi.cz/kupi/thumbs/loga_shopy/globus_80.png" alt="Globus leták" width="50">
                        </a>
                                    </td>

                <td class="discounts_shop_info">
                    <span class="discounts_shop_name">
                        <a href="/letaky/globus" class="product_link_history" data-product="pivo-svetle-vycepni-10-zlatopramen" title="Globus">
                            <span>
                                                                    Globus
                                                                                                                                                                            </span>
                        </a>

                                                                    </span>

                    
                                            <div class="discounts_markets">
                                                            <a href="/obchod/globus/globus-brno-ivanovice" title="Globus" data-shop="Globus" class="product_link_history" data-product="pivo-svetle-vycepni-10-zlatopramen">platí pro 1 nejbližší pobočku</a>
                                                    </div>
                                    </td>

                <td class="text-left discounts_price">
                    <span class="discount_price_label">cena</span>
                    <div class="left">
                        <strong class="discount_price_value">32,90&nbsp;Kč</strong>
                    </div>

                                            <div class="discount_amount left">
                            &nbsp;/&nbsp;2 l                        </div>
                    
                                            <div class="discount_percentage">&ndash;28&nbsp;%</div>
                    
                    <div class="clear"></div>

                    <span style="font-size: 12px;">
                                                                                                16,45&nbsp;Kč&nbsp;/&nbsp;1&nbsp;l                                                                                    </span>

                    
                                            <div class="discount_note">
                            pet láhev                        </div>
                                    </td>

                <td class="text-left discounts_validity valid_discount">
                                                                        platí do středy <span style="white-space: nowrap;">21. 9. </span>
                                                            </td>

                <td class="discounts_list_add">

                                            <div class="add_list_wrap">
                        


    
                                
        
        <div class="save_item_content nologin_save_item icon_only "
             data-idf="product_discounts_48102">
			<span class="link_content">
                
    <span class="spinner-absolute spinner-btn no_content hdn"><span class="js-loader"></span></span>

                <a data-rustmp="1" data-action="click" data-fn="rusInit" href="#"
                   aria-label="Přidat produkt do oblíbených - nutné přihlášení uživatele" style="line-height: 0;"
                   class="toggle_saved_item btn btn_default top_link link_heart " data-idf="product_discounts_48102" data-type="product"
                   data-item="48102"><span>Přidat produkt do oblíbených</span></a>
			</span>
                    </div>
                            </div>
                    
                                            <a data-product-id="48102" href="#5143448" role="button" aria-label="Přidat Pivo světlé výčepní 10° Zlatopramen do nákupního seznamu" data-shop="27" data-price="32.9" data-product="Pivo světlé výčepní 10° Zlatopramen" class="btn btn_colored btn_list_add no_login">Přidat</a>
                                    </td>
            </tr>
                        </table>
    
    <div class="discounts_show_all_shops only_discount" data-product="48102" style="display: none;">
        <a role="button" href="#48102" class="purple_link discount_all_shops only_discount">Další obchody (<span>-3</span>)</a>
    </div>
</div>

    <div class="product_price_from">
        od <strong>32,90&nbsp;Kč</strong>
    </div>
                            <div class="clear"></div>
        </div>

        
        
        
    

    
        <div class="group_discounts active" data-page="3">
            <div class="absolute product_target" id="87" style="top: -80px;"></div>

            <div class="product_image">
                <a href="/sleva/pivo-svetly-lezak-11-primator" title="Pivo světlý ležák 11° Primátor" aria-hidden="true" tabindex="-1" class="open_detail" class="product_link_history" data-product-id="87" data-product="pivo-svetly-lezak-11-primator">
                    <img src="/img/no_img/no_discounts.png"
                         data-src="https://img.kupi.cz/kupi/thumbs/pivo-svetly-lezak-11-primator_box_120_140.png"
                         alt="Pivo světlý ležák 11° Primátor">
                </a>
                <span class="label-supplement">ilustrační obrázek</span>
            </div>

            <div class="relative product_discounts">
                <div class="wide left">
                    <div class="relative product_name_around" style="margin-right: 32px;">
                        <div data-product="87" class="log_product product_name wide">
                            <h2>
                                <a title="Pivo světlý ležák 11° Primátor" aria-label="Pivo světlý ležák 11° Primátor v akci za 14,90 Kč" href="/sleva/pivo-svetly-lezak-11-primator" class="product_link_history" data-product="pivo-svetly-lezak-11-primator">
                                    <strong>Pivo světlý ležák 11° Primátor</strong>
                                </a>

                                <span class="nowrap">
                                                                                                                                                                        <span>0.5 l</span>
                                                                                                                        
                                                                    </span>
                            </h2>

                            <div class="product_my_leaflet">
                                


    
                                
        
        <div class="save_item_content nologin_save_item  "
             data-idf="product_discounts_87">
			<span class="link_content">
                
    <span class="spinner-absolute spinner-btn no_content hdn"><span class="js-loader"></span></span>

                <a data-rustmp="1" data-action="click" data-fn="rusInit" href="#"
                   aria-label="Přidat produkt do oblíbených - nutné přihlášení uživatele" style="line-height: 0;"
                   class="toggle_saved_item btn btn_default top_link link_heart " data-idf="product_discounts_87" data-type="product"
                   data-item="87"><span>Přidat produkt do oblíbených</span></a>
			</span>
                            <span class="saved_item_text">
                                                            Zapněte si oblíbené a upozorníme vás na novou akci
                                    		    </span>
                    </div>
                                </div>

                                                                                        <div id="price_87" class="avg_price">Běžná cena: <span>15,90</span>&nbsp;Kč</div>
                            
                        </div>
                    </div>
                </div>
            </div>

            <div class="clear"></div>
                                    
    
<div class="relative product_discounts product_discounts_overview" id="product_87">
    <table class="wide discounts_table">

                            
                        
                                        
            <tr data-product="87" data-discount="5093695" class="log_discount discount_row only_discount" data-key="0.5-l" id="discount_5093695">
                <td width="60" class="text-left discounts_shop_image">
                                            <a href="/letaky/billa" class="product_link_history" data-product="pivo-svetly-lezak-11-primator" title="BILLA leták">
                            <img src="https://img.kupi.cz/kupi/thumbs/loga_shopy/billa_80.png" alt="BILLA leták" width="50">
                        </a>
                                    </td>

                <td class="discounts_shop_info">
                    <span class="discounts_shop_name">
                        <a href="/letaky/billa" class="product_link_history" data-product="pivo-svetly-lezak-11-primator" title="BILLA">
                            <span>
                                                                    BILLA
                                                                                                                                                                            </span>
                        </a>

                                                                    </span>

                    
                                            <div class="discounts_markets">
                                                            <a href="/obchod/billa/billa-brno-podperova" title="BILLA" data-shop="BILLA" class="product_link_history" data-product="pivo-svetly-lezak-11-primator">platí pro 14 nejbližších poboček</a>
                                                    </div>
                                    </td>

                <td class="text-left discounts_price">
                    <span class="discount_price_label">cena</span>
                    <div class="left">
                        <strong class="discount_price_value">14,90&nbsp;Kč</strong>
                    </div>

                                            <div class="discount_amount left">
                            &nbsp;/&nbsp;0.5 l                        </div>
                    
                    
                    <div class="clear"></div>

                    <span style="font-size: 12px;">
                                                                                                29,80&nbsp;Kč&nbsp;/&nbsp;1&nbsp;l                                                                                    </span>

                    
                                            <div class="discount_note">
                            plech                        </div>
                                    </td>

                <td class="text-left discounts_validity valid_discount">
                                                                        dnes končí
                                                            </td>

                <td class="discounts_list_add">

                                            <div class="add_list_wrap">
                        


    
                                
        
        <div class="save_item_content nologin_save_item icon_only "
             data-idf="product_discounts_87">
			<span class="link_content">
                
    <span class="spinner-absolute spinner-btn no_content hdn"><span class="js-loader"></span></span>

                <a data-rustmp="1" data-action="click" data-fn="rusInit" href="#"
                   aria-label="Přidat produkt do oblíbených - nutné přihlášení uživatele" style="line-height: 0;"
                   class="toggle_saved_item btn btn_default top_link link_heart " data-idf="product_discounts_87" data-type="product"
                   data-item="87"><span>Přidat produkt do oblíbených</span></a>
			</span>
                    </div>
                            </div>
                    
                                            <a data-product-id="87" href="#5093695" role="button" aria-label="Přidat Pivo světlý ležák 11° Primátor do nákupního seznamu" data-shop="5" data-price="14.9" data-product="Pivo světlý ležák 11° Primátor" class="btn btn_colored btn_list_add no_login">Přidat</a>
                                    </td>
            </tr>
                        </table>
    
    <div class="discounts_show_all_shops only_discount" data-product="87" style="display: none;">
        <a role="button" href="#87" class="purple_link discount_all_shops only_discount">Další obchody (<span>-3</span>)</a>
    </div>
</div>

    <div class="product_price_from">
        od <strong>14,90&nbsp;Kč</strong>
    </div>
                            <div class="clear"></div>
        </div>

        
        
        
    

    
        <div class="group_discounts active" data-page="3">
            <div class="absolute product_target" id="90067" style="top: -80px;"></div>

            <div class="product_image">
                <a href="/sleva/pivo-svetly-lezak-11-premium-argus" title="Pivo světlý ležák 11° Premium Argus" aria-hidden="true" tabindex="-1" class="open_detail" class="product_link_history" data-product-id="90067" data-product="pivo-svetly-lezak-11-premium-argus">
                    <img src="/img/no_img/no_discounts.png"
                         data-src="https://img.kupi.cz/kupi/thumbs/pivo-svetly-lezak-11-premium-argus_box_120_140.png"
                         alt="Pivo světlý ležák 11° Premium Argus">
                </a>
                <span class="label-supplement">ilustrační obrázek</span>
            </div>

            <div class="relative product_discounts">
                <div class="wide left">
                    <div class="relative product_name_around" style="margin-right: 32px;">
                        <div data-product="90067" class="log_product product_name wide">
                            <h2>
                                <a title="Pivo světlý ležák 11° Premium Argus" aria-label="Pivo světlý ležák 11° Premium Argus v akci za 9,90 Kč" href="/sleva/pivo-svetly-lezak-11-premium-argus" class="product_link_history" data-product="pivo-svetly-lezak-11-premium-argus">
                                    <strong>Pivo světlý ležák 11° Premium Argus</strong>
                                </a>

                                <span class="nowrap">
                                                                                                                                                                        <span>0.5 l</span>
                                                                                                                        
                                                                    </span>
                            </h2>

                            <div class="product_my_leaflet">
                                


    
                                
        
        <div class="save_item_content nologin_save_item  "
             data-idf="product_discounts_90067">
			<span class="link_content">
                
    <span class="spinner-absolute spinner-btn no_content hdn"><span class="js-loader"></span></span>

                <a data-rustmp="1" data-action="click" data-fn="rusInit" href="#"
                   aria-label="Přidat produkt do oblíbených - nutné přihlášení uživatele" style="line-height: 0;"
                   class="toggle_saved_item btn btn_default top_link link_heart " data-idf="product_discounts_90067" data-type="product"
                   data-item="90067"><span>Přidat produkt do oblíbených</span></a>
			</span>
                            <span class="saved_item_text">
                                                            Zapněte si oblíbené a upozorníme vás na novou akci
                                    		    </span>
                    </div>
                                </div>

                                                                                        <div id="price_90067" class="avg_price">Běžná cena: <span>13,36</span>&nbsp;Kč</div>
                            
                        </div>
                    </div>
                </div>
            </div>

            <div class="clear"></div>
                                    
    
<div class="relative product_discounts product_discounts_overview" id="product_90067">
    <table class="wide discounts_table">

                            
                        
                                        
            <tr data-product="90067" data-discount="5129543" class="log_discount discount_row only_discount" data-key="0.5-l" id="discount_5129543">
                <td width="60" class="text-left discounts_shop_image">
                                            <a href="/letaky/lidl" class="product_link_history" data-product="pivo-svetly-lezak-11-premium-argus" title="Lidl leták">
                            <img src="https://img.kupi.cz/kupi/thumbs/loga_shopy/lidl_80.png" alt="Lidl leták" width="50">
                        </a>
                                    </td>

                <td class="discounts_shop_info">
                    <span class="discounts_shop_name">
                        <a href="/letaky/lidl" class="product_link_history" data-product="pivo-svetly-lezak-11-premium-argus" title="Lidl">
                            <span>
                                                                    Lidl
                                                                                                                                                                            </span>
                        </a>

                                                                    </span>

                    
                                            <div class="discounts_markets">
                                                            <a href="/obchod/lidl/lidl-kurim" title="Lidl" data-shop="Lidl" class="product_link_history" data-product="pivo-svetly-lezak-11-premium-argus">platí pro 21 nejbližších poboček</a>
                                                    </div>
                                    </td>

                <td class="text-left discounts_price">
                    <span class="discount_price_label">cena</span>
                    <div class="left">
                        <strong class="discount_price_value">9,90&nbsp;Kč</strong>
                    </div>

                                            <div class="discount_amount left">
                            &nbsp;/&nbsp;0.5 l                        </div>
                    
                                            <div class="discount_percentage">&ndash;34&nbsp;%</div>
                    
                    <div class="clear"></div>

                    <span style="font-size: 12px;">
                                                                                                19,80&nbsp;Kč&nbsp;/&nbsp;1&nbsp;l                                                                                    </span>

                    
                                            <div class="discount_note">
                            plech                        </div>
                                    </td>

                <td class="text-left discounts_validity valid_discount">
                                                                        dnes končí
                                                            </td>

                <td class="discounts_list_add">

                                            <div class="add_list_wrap">
                        


    
                                
        
        <div class="save_item_content nologin_save_item icon_only "
             data-idf="product_discounts_90067">
			<span class="link_content">
                
    <span class="spinner-absolute spinner-btn no_content hdn"><span class="js-loader"></span></span>

                <a data-rustmp="1" data-action="click" data-fn="rusInit" href="#"
                   aria-label="Přidat produkt do oblíbených - nutné přihlášení uživatele" style="line-height: 0;"
                   class="toggle_saved_item btn btn_default top_link link_heart " data-idf="product_discounts_90067" data-type="product"
                   data-item="90067"><span>Přidat produkt do oblíbených</span></a>
			</span>
                    </div>
                            </div>
                    
                                            <a data-product-id="90067" href="#5129543" role="button" aria-label="Přidat Pivo světlý ležák 11° Premium Argus do nákupního seznamu" data-shop="6" data-price="9.9" data-product="Pivo světlý ležák 11° Premium Argus" class="btn btn_colored btn_list_add no_login">Přidat</a>
                                    </td>
            </tr>
                        </table>
    
    <div class="discounts_show_all_shops only_discount" data-product="90067" style="display: none;">
        <a role="button" href="#90067" class="purple_link discount_all_shops only_discount">Další obchody (<span>-3</span>)</a>
    </div>
</div>

    <div class="product_price_from">
        od <strong>9,90&nbsp;Kč</strong>
    </div>
                            <div class="clear"></div>
        </div>

        
        
        
    

    
        <div class="group_discounts active" data-page="3">
            <div class="absolute product_target" id="223695" style="top: -80px;"></div>

            <div class="product_image">
                <a href="/sleva/pivo-plne-svetle-psenicne-nefiltrovane-12-staropramen" title="Pivo plné světlé pšeničné nefiltrované 12° Staropramen" aria-hidden="true" tabindex="-1" class="open_detail" class="product_link_history" data-product-id="223695" data-product="pivo-plne-svetle-psenicne-nefiltrovane-12-staropramen">
                    <img src="/img/no_img/no_discounts.png"
                         data-src="https://img.kupi.cz/kupi/thumbs/pivo-plne-svetle-psenicne-nefiltrovane-12-staropramen_box_120_140.jpg"
                         alt="Pivo plné světlé pšeničné nefiltrované 12° Staropramen">
                </a>
                <span class="label-supplement">ilustrační obrázek</span>
            </div>

            <div class="relative product_discounts">
                <div class="wide left">
                    <div class="relative product_name_around" style="margin-right: 32px;">
                        <div data-product="223695" class="log_product product_name wide">
                            <h2>
                                <a title="Pivo plné světlé pšeničné nefiltrované 12° Staropramen" aria-label="Pivo plné světlé pšeničné nefiltrované 12° Staropramen v akci za 19,90 Kč" href="/sleva/pivo-plne-svetle-psenicne-nefiltrovane-12-staropramen" class="product_link_history" data-product="pivo-plne-svetle-psenicne-nefiltrovane-12-staropramen">
                                    <strong>Pivo plné světlé pšeničné nefiltrované 12° Staropramen</strong>
                                </a>

                                <span class="nowrap">
                                                                                                                                                                        <span>0.5 l</span>
                                                                                                                        
                                                                    </span>
                            </h2>

                            <div class="product_my_leaflet">
                                


    
                                
        
        <div class="save_item_content nologin_save_item  "
             data-idf="product_discounts_223695">
			<span class="link_content">
                
    <span class="spinner-absolute spinner-btn no_content hdn"><span class="js-loader"></span></span>

                <a data-rustmp="1" data-action="click" data-fn="rusInit" href="#"
                   aria-label="Přidat produkt do oblíbených - nutné přihlášení uživatele" style="line-height: 0;"
                   class="toggle_saved_item btn btn_default top_link link_heart " data-idf="product_discounts_223695" data-type="product"
                   data-item="223695"><span>Přidat produkt do oblíbených</span></a>
			</span>
                            <span class="saved_item_text">
                                                            Zapněte si oblíbené a upozorníme vás na novou akci
                                    		    </span>
                    </div>
                                </div>

                                                                                        <div id="price_223695" class="avg_price">Běžná cena: <span>22,47</span>&nbsp;Kč</div>
                            
                        </div>
                    </div>
                </div>
            </div>

            <div class="clear"></div>
                                    
    
<div class="relative product_discounts product_discounts_overview" id="product_223695">
    <table class="wide discounts_table">

                            
                        
                                        
            <tr data-product="223695" data-discount="5099872" class="log_discount discount_row only_discount" data-key="0.5-l" id="discount_5099872">
                <td width="60" class="text-left discounts_shop_image">
                                            <a href="/letaky/cba" class="product_link_history" data-product="pivo-plne-svetle-psenicne-nefiltrovane-12-staropramen" title="CBA leták">
                            <img src="https://img.kupi.cz/kupi/thumbs/loga_shopy/cba_80.png" alt="CBA leták" width="50">
                        </a>
                                    </td>

                <td class="discounts_shop_info">
                    <span class="discounts_shop_name">
                        <a href="/letaky/cba" class="product_link_history" data-product="pivo-plne-svetle-psenicne-nefiltrovane-12-staropramen" title="CBA">
                            <span>
                                                                    CBA
                                                                                                                                                                            </span>
                        </a>

                                                                    </span>

                    
                                            <div class="discounts_markets">
                                                            <a href="/obchod/cba/potraviny-4" title="CBA" data-shop="CBA" class="product_link_history" data-product="pivo-plne-svetle-psenicne-nefiltrovane-12-staropramen">platí pro 31 nejbližších poboček</a>
                                                    </div>
                                    </td>

                <td class="text-left discounts_price">
                    <span class="discount_price_label">cena</span>
                    <div class="left">
                        <strong class="discount_price_value">19,90&nbsp;Kč</strong>
                    </div>

                                            <div class="discount_amount left">
                            &nbsp;/&nbsp;0.5 l                        </div>
                    
                    
                    <div class="clear"></div>

                    <span style="font-size: 12px;">
                                                                                                39,80&nbsp;Kč&nbsp;/&nbsp;1&nbsp;l                                                                                    </span>

                    
                                            <div class="discount_note">
                            plech, pouze ve vybraných prodejnách                        </div>
                                    </td>

                <td class="text-left discounts_validity valid_discount">
                                                                        dnes končí
                                                            </td>

                <td class="discounts_list_add">

                                            <div class="add_list_wrap">
                        


    
                                
        
        <div class="save_item_content nologin_save_item icon_only "
             data-idf="product_discounts_223695">
			<span class="link_content">
                
    <span class="spinner-absolute spinner-btn no_content hdn"><span class="js-loader"></span></span>

                <a data-rustmp="1" data-action="click" data-fn="rusInit" href="#"
                   aria-label="Přidat produkt do oblíbených - nutné přihlášení uživatele" style="line-height: 0;"
                   class="toggle_saved_item btn btn_default top_link link_heart " data-idf="product_discounts_223695" data-type="product"
                   data-item="223695"><span>Přidat produkt do oblíbených</span></a>
			</span>
                    </div>
                            </div>
                    
                                            <a data-product-id="223695" href="#5099872" role="button" aria-label="Přidat Pivo plné světlé pšeničné nefiltrované 12° Staropramen do nákupního seznamu" data-shop="257" data-price="19.9" data-product="Pivo plné světlé pšeničné nefiltrované 12° Staropramen" class="btn btn_colored btn_list_add no_login">Přidat</a>
                                    </td>
            </tr>
                        </table>
    
    <div class="discounts_show_all_shops only_discount" data-product="223695" style="display: none;">
        <a role="button" href="#223695" class="purple_link discount_all_shops only_discount">Další obchody (<span>-3</span>)</a>
    </div>
</div>

    <div class="product_price_from">
        od <strong>19,90&nbsp;Kč</strong>
    </div>
                            <div class="clear"></div>
        </div>

        
        
        
    

    
        <div class="group_discounts active" data-page="3">
            <div class="absolute product_target" id="135807" style="top: -80px;"></div>

            <div class="product_image">
                <a href="/sleva/pivo-svetle-branik" title="Pivo světlé Braník" aria-hidden="true" tabindex="-1" class="open_detail" class="product_link_history" data-product-id="135807" data-product="pivo-svetle-branik">
                    <img src="/img/no_img/no_discounts.png"
                         data-src="https://img.kupi.cz/kupi/thumbs/pivo-svetle-branik_box_120_140.jpg"
                         alt="Pivo světlé Braník">
                </a>
                <span class="label-supplement">ilustrační obrázek</span>
            </div>

            <div class="relative product_discounts">
                <div class="wide left">
                    <div class="relative product_name_around" style="margin-right: 32px;">
                        <div data-product="135807" class="log_product product_name wide">
                            <h2>
                                <a title="Pivo světlé Braník" aria-label="Pivo světlé Braník v akci za 33,90 Kč" href="/sleva/pivo-svetle-branik" class="product_link_history" data-product="pivo-svetle-branik">
                                    <strong>Pivo světlé Braník</strong>
                                </a>

                                <span class="nowrap">
                                    
                                                                    </span>
                            </h2>

                            <div class="product_my_leaflet">
                                


    
                                
        
        <div class="save_item_content nologin_save_item  "
             data-idf="product_discounts_135807">
			<span class="link_content">
                
    <span class="spinner-absolute spinner-btn no_content hdn"><span class="js-loader"></span></span>

                <a data-rustmp="1" data-action="click" data-fn="rusInit" href="#"
                   aria-label="Přidat produkt do oblíbených - nutné přihlášení uživatele" style="line-height: 0;"
                   class="toggle_saved_item btn btn_default top_link link_heart " data-idf="product_discounts_135807" data-type="product"
                   data-item="135807"><span>Přidat produkt do oblíbených</span></a>
			</span>
                            <span class="saved_item_text">
                                                            Zapněte si oblíbené a upozorníme vás na novou akci
                                    		    </span>
                    </div>
                                </div>

                                                            <div class="product_amount_list" role="menu">
                                    <a aria-checked="true" aria-label="Filtr balení: zobrazit vše " href="#" role="menuitemradio" data-price="0" class="btn_amount" data-product="135807" data-key="vse">Vše</a>
                                                                            <a aria-checked="false" aria-label="Filtr balení: 0.5 l" href="#" role="menuitemradio" data-price="15,12" class="btn_amount in_active" data-product="135807" data-key="0.5-l">0.5 l</a>
                                                                            <a aria-checked="false" aria-label="Filtr balení: 2 l" href="#" role="menuitemradio" data-price="44,90" class="btn_amount in_active last" data-product="135807" data-key="2-l">2 l</a>
                                                                    </div>
                                                                                        <div id="price_135807" class="avg_price inactive">Běžná cena: <span>44,90</span>&nbsp;Kč</div>
                            
                        </div>
                    </div>
                </div>
            </div>

            <div class="clear"></div>
                                    
    
<div class="relative product_discounts product_discounts_overview" id="product_135807">
    <table class="wide discounts_table">

                            
                        
                                        
            <tr data-product="135807" data-discount="5128619" class="log_discount discount_row only_discount" data-key="2-l" id="discount_5128619">
                <td width="60" class="text-left discounts_shop_image">
                                            <a href="/letaky/billa" class="product_link_history" data-product="pivo-svetle-branik" title="BILLA leták">
                            <img src="https://img.kupi.cz/kupi/thumbs/loga_shopy/billa_80.png" alt="BILLA leták" width="50">
                        </a>
                                    </td>

                <td class="discounts_shop_info">
                    <span class="discounts_shop_name">
                        <a href="/letaky/billa" class="product_link_history" data-product="pivo-svetle-branik" title="BILLA">
                            <span>
                                                                    BILLA
                                                                                                                                                                            </span>
                        </a>

                                                                    </span>

                    
                                            <div class="discounts_markets">
                                                            <a href="/obchod/billa/billa-brno-podperova" title="BILLA" data-shop="BILLA" class="product_link_history" data-product="pivo-svetle-branik">platí pro 14 nejbližších poboček</a>
                                                    </div>
                                    </td>

                <td class="text-left discounts_price">
                    <span class="discount_price_label">cena</span>
                    <div class="left">
                        <strong class="discount_price_value">33,90&nbsp;Kč</strong>
                    </div>

                                            <div class="discount_amount left">
                            &nbsp;/&nbsp;2 l                        </div>
                    
                    
                    <div class="clear"></div>

                    <span style="font-size: 12px;">
                                                                                                16,95&nbsp;Kč&nbsp;/&nbsp;1&nbsp;l                                                                                    </span>

                    
                                            <div class="discount_note">
                            pet láhev                        </div>
                                    </td>

                <td class="text-left discounts_validity valid_discount">
                                                                        platí do neděle <span style="white-space: nowrap;">25. 9. </span>
                                                            </td>

                <td class="discounts_list_add">

                                            <div class="add_list_wrap">
                        


    
                                
        
        <div class="save_item_content nologin_save_item icon_only "
             data-idf="product_discounts_135807">
			<span class="link_content">
                
    <span class="spinner-absolute spinner-btn no_content hdn"><span class="js-loader"></span></span>

                <a data-rustmp="1" data-action="click" data-fn="rusInit" href="#"
                   aria-label="Přidat produkt do oblíbených - nutné přihlášení uživatele" style="line-height: 0;"
                   class="toggle_saved_item btn btn_default top_link link_heart " data-idf="product_discounts_135807" data-type="product"
                   data-item="135807"><span>Přidat produkt do oblíbených</span></a>
			</span>
                    </div>
                            </div>
                    
                                            <a data-product-id="135807" href="#5128619" role="button" aria-label="Přidat Pivo světlé Braník do nákupního seznamu" data-shop="5" data-price="33.9" data-product="Pivo světlé Braník" class="btn btn_colored btn_list_add no_login">Přidat</a>
                                    </td>
            </tr>
                    
            
            <tr data-product="135807" data-discount="5145302" class="log_discount discount_row only_discount" data-key="2-l" id="discount_5145302">
                <td width="60" class="text-left discounts_shop_image">
                                            <a href="/letaky/cba" class="product_link_history" data-product="pivo-svetle-branik" title="CBA leták">
                            <img src="https://img.kupi.cz/kupi/thumbs/loga_shopy/cba_80.png" alt="CBA leták" width="50">
                        </a>
                                    </td>

                <td class="discounts_shop_info">
                    <span class="discounts_shop_name">
                        <a href="/letaky/cba" class="product_link_history" data-product="pivo-svetle-branik" title="CBA">
                            <span>
                                                                    CBA
                                                                                                                                                                            </span>
                        </a>

                                                                    </span>

                    
                                            <div class="discounts_markets">
                                                            <a href="/obchod/cba/potraviny-duha" title="CBA" data-shop="CBA" class="product_link_history" data-product="pivo-svetle-branik">platí pro 18 nejbližších poboček</a>
                                                    </div>
                                    </td>

                <td class="text-left discounts_price price_future_discount">
                    <span class="discount_price_label">cena</span>
                    <div class="left">
                        <strong class="discount_price_value">39,90&nbsp;Kč</strong>
                    </div>

                                            <div class="discount_amount left">
                            &nbsp;/&nbsp;2 l                        </div>
                    
                    
                    <div class="clear"></div>

                    <span style="font-size: 12px;">
                                                                                                19,95&nbsp;Kč&nbsp;/&nbsp;1&nbsp;l                                                                                    </span>

                    
                                            <div class="discount_note">
                            pet láhev, pouze ve vybraných prodejnách                        </div>
                                    </td>

                <td class="text-left discounts_validity">
                                                                        st 14. 9.  &ndash; út 20. 9. 
                                                            </td>

                <td class="discounts_list_add">

                                            <div class="add_list_wrap">
                        


    
                                
        
        <div class="save_item_content nologin_save_item icon_only "
             data-idf="product_discounts_135807">
			<span class="link_content">
                
    <span class="spinner-absolute spinner-btn no_content hdn"><span class="js-loader"></span></span>

                <a data-rustmp="1" data-action="click" data-fn="rusInit" href="#"
                   aria-label="Přidat produkt do oblíbených - nutné přihlášení uživatele" style="line-height: 0;"
                   class="toggle_saved_item btn btn_default top_link link_heart " data-idf="product_discounts_135807" data-type="product"
                   data-item="135807"><span>Přidat produkt do oblíbených</span></a>
			</span>
                    </div>
                            </div>
                    
                                            <a data-product-id="135807" href="#5145302" role="button" aria-label="Přidat Pivo světlé Braník do nákupního seznamu" data-shop="257" data-price="39.9" data-product="Pivo světlé Braník" class="btn btn_colored btn_list_add no_login">Přidat</a>
                                    </td>
            </tr>
                    
            
            <tr data-product="135807" data-discount="5140994" class="log_discount discount_row only_discount" data-key="2-l" id="discount_5140994">
                <td width="60" class="text-left discounts_shop_image">
                                            <a href="/letaky/cba" class="product_link_history" data-product="pivo-svetle-branik" title="CBA leták">
                            <img src="https://img.kupi.cz/kupi/thumbs/loga_shopy/cba_80.png" alt="CBA leták" width="50">
                        </a>
                                    </td>

                <td class="discounts_shop_info">
                    <span class="discounts_shop_name">
                        <a href="/letaky/cba" class="product_link_history" data-product="pivo-svetle-branik" title="CBA">
                            <span>
                                                                    CBA
                                                                                                                                                                            </span>
                        </a>

                                                                    </span>

                    
                                            <div class="discounts_markets">
                                                            <a href="/obchod/cba/potraviny-4" title="CBA" data-shop="CBA" class="product_link_history" data-product="pivo-svetle-branik">platí pro 32 nejbližších poboček</a>
                                                    </div>
                                    </td>

                <td class="text-left discounts_price price_future_discount">
                    <span class="discount_price_label">cena</span>
                    <div class="left">
                        <strong class="discount_price_value">39,90&nbsp;Kč</strong>
                    </div>

                                            <div class="discount_amount left">
                            &nbsp;/&nbsp;2 l                        </div>
                    
                    
                    <div class="clear"></div>

                    <span style="font-size: 12px;">
                                                                                                19,95&nbsp;Kč&nbsp;/&nbsp;1&nbsp;l                                                                                    </span>

                    
                                            <div class="discount_note">
                            pet láhev, pouze ve vybraných prodejnách                        </div>
                                    </td>

                <td class="text-left discounts_validity">
                                                                        st 14. 9.  &ndash; ne 25. 9. 
                                                            </td>

                <td class="discounts_list_add">

                                            <div class="add_list_wrap">
                        


    
                                
        
        <div class="save_item_content nologin_save_item icon_only "
             data-idf="product_discounts_135807">
			<span class="link_content">
                
    <span class="spinner-absolute spinner-btn no_content hdn"><span class="js-loader"></span></span>

                <a data-rustmp="1" data-action="click" data-fn="rusInit" href="#"
                   aria-label="Přidat produkt do oblíbených - nutné přihlášení uživatele" style="line-height: 0;"
                   class="toggle_saved_item btn btn_default top_link link_heart " data-idf="product_discounts_135807" data-type="product"
                   data-item="135807"><span>Přidat produkt do oblíbených</span></a>
			</span>
                    </div>
                            </div>
                    
                                            <a data-product-id="135807" href="#5140994" role="button" aria-label="Přidat Pivo světlé Braník do nákupního seznamu" data-shop="257" data-price="39.9" data-product="Pivo světlé Braník" class="btn btn_colored btn_list_add no_login">Přidat</a>
                                    </td>
            </tr>
                    
            
            <tr data-product="135807" data-discount="5093707" class="log_discount discount_row only_discount" data-key="0.5-l" id="discount_5093707">
                <td width="60" class="text-left discounts_shop_image">
                                            <a href="/letaky/billa" class="product_link_history" data-product="pivo-svetle-branik" title="BILLA leták">
                            <img src="https://img.kupi.cz/kupi/thumbs/loga_shopy/billa_80.png" alt="BILLA leták" width="50">
                        </a>
                                    </td>

                <td class="discounts_shop_info">
                    <span class="discounts_shop_name">
                        <a href="/letaky/billa" class="product_link_history" data-product="pivo-svetle-branik" title="BILLA">
                            <span>
                                                                    BILLA
                                                                                                                                                                            </span>
                        </a>

                                                                    </span>

                    
                                            <div class="discounts_markets">
                                                            <a href="/obchod/billa/billa-brno-podperova" title="BILLA" data-shop="BILLA" class="product_link_history" data-product="pivo-svetle-branik">platí pro 14 nejbližších poboček</a>
                                                    </div>
                                    </td>

                <td class="text-left discounts_price">
                    <span class="discount_price_label">cena</span>
                    <div class="left">
                        <strong class="discount_price_value">64,90&nbsp;Kč</strong>
                    </div>

                                            <div class="discount_amount left">
                            &nbsp;/&nbsp;6x 0.5 l                        </div>
                    
                    
                    <div class="clear"></div>

                    <span style="font-size: 12px;">
                                                                                                21,63&nbsp;Kč&nbsp;/&nbsp;1&nbsp;l                                                                                    </span>

                    
                                            <div class="discount_note">
                            plech                        </div>
                                    </td>

                <td class="text-left discounts_validity valid_discount">
                                                                        dnes končí
                                                            </td>

                <td class="discounts_list_add">

                                            <div class="add_list_wrap">
                        


    
                                
        
        <div class="save_item_content nologin_save_item icon_only "
             data-idf="product_discounts_135807">
			<span class="link_content">
                
    <span class="spinner-absolute spinner-btn no_content hdn"><span class="js-loader"></span></span>

                <a data-rustmp="1" data-action="click" data-fn="rusInit" href="#"
                   aria-label="Přidat produkt do oblíbených - nutné přihlášení uživatele" style="line-height: 0;"
                   class="toggle_saved_item btn btn_default top_link link_heart " data-idf="product_discounts_135807" data-type="product"
                   data-item="135807"><span>Přidat produkt do oblíbených</span></a>
			</span>
                    </div>
                            </div>
                    
                                            <a data-product-id="135807" href="#5093707" role="button" aria-label="Přidat Pivo světlé Braník do nákupního seznamu" data-shop="5" data-price="64.9" data-product="Pivo světlé Braník" class="btn btn_colored btn_list_add no_login">Přidat</a>
                                    </td>
            </tr>
                    
            
            <tr data-product="135807" data-discount="5129009" class="log_discount discount_row only_discount hidden_discount" data-key="0.5-l" id="discount_5129009">
                <td width="60" class="text-left discounts_shop_image">
                                            <a href="/letaky/billa" class="product_link_history" data-product="pivo-svetle-branik" title="BILLA leták">
                            <img src="https://img.kupi.cz/kupi/thumbs/loga_shopy/billa_80.png" alt="BILLA leták" width="50">
                        </a>
                                    </td>

                <td class="discounts_shop_info">
                    <span class="discounts_shop_name">
                        <a href="/letaky/billa" class="product_link_history" data-product="pivo-svetle-branik" title="BILLA">
                            <span>
                                                                    BILLA
                                                                                                                                                                            </span>
                        </a>

                                                                    </span>

                    
                                            <div class="discounts_markets">
                                                            <a href="/obchod/billa/billa-brno-podperova" title="BILLA" data-shop="BILLA" class="product_link_history" data-product="pivo-svetle-branik">platí pro 14 nejbližších poboček</a>
                                                    </div>
                                    </td>

                <td class="text-left discounts_price">
                    <span class="discount_price_label">cena</span>
                    <div class="left">
                        <strong class="discount_price_value">64,90&nbsp;Kč</strong>
                    </div>

                                            <div class="discount_amount left">
                            &nbsp;/&nbsp;6x 0.5 l                        </div>
                    
                    
                    <div class="clear"></div>

                    <span style="font-size: 12px;">
                                                                                                21,63&nbsp;Kč&nbsp;/&nbsp;1&nbsp;l                                                                                    </span>

                    
                                            <div class="discount_note">
                            plech                        </div>
                                    </td>

                <td class="text-left discounts_validity valid_discount">
                                                                        platí do neděle <span style="white-space: nowrap;">25. 9. </span>
                                                            </td>

                <td class="discounts_list_add">

                                            <div class="add_list_wrap">
                        


    
                                
        
        <div class="save_item_content nologin_save_item icon_only "
             data-idf="product_discounts_135807">
			<span class="link_content">
                
    <span class="spinner-absolute spinner-btn no_content hdn"><span class="js-loader"></span></span>

                <a data-rustmp="1" data-action="click" data-fn="rusInit" href="#"
                   aria-label="Přidat produkt do oblíbených - nutné přihlášení uživatele" style="line-height: 0;"
                   class="toggle_saved_item btn btn_default top_link link_heart " data-idf="product_discounts_135807" data-type="product"
                   data-item="135807"><span>Přidat produkt do oblíbených</span></a>
			</span>
                    </div>
                            </div>
                    
                                            <a data-product-id="135807" href="#5129009" role="button" aria-label="Přidat Pivo světlé Braník do nákupního seznamu" data-shop="5" data-price="64.9" data-product="Pivo světlé Braník" class="btn btn_colored btn_list_add no_login">Přidat</a>
                                    </td>
            </tr>
                    
                                        
            <tr data-product="135807" data-discount="5143175" class="log_discount discount_row only_discount hidden_discount" data-key="0.5-l" id="discount_5143175">
                <td width="60" class="text-left discounts_shop_image">
                                            <a href="/letaky/tamda-foods" class="product_link_history" data-product="pivo-svetle-branik" title="TAMDA FOODS leták">
                            <img src="https://img.kupi.cz/kupi/thumbs/loga_shopy/tamda-foods-1_80.png" alt="TAMDA FOODS leták" width="50">
                        </a>
                                    </td>

                <td class="discounts_shop_info">
                    <span class="discounts_shop_name">
                        <a href="/letaky/tamda-foods" class="product_link_history" data-product="pivo-svetle-branik" title="TAMDA FOODS">
                            <span>
                                                                    TAMDA FOODS
                                                                                                                                                                            </span>
                        </a>

                                                                    </span>

                    
                                            <div class="discounts_markets">
                                                            <a href="/obchod/tamda-foods/tamda-foods-brno-olomoucka" title="TAMDA FOODS" data-shop="TAMDA FOODS" class="product_link_history" data-product="pivo-svetle-branik">platí pro 1 nejbližší pobočku</a>
                                                    </div>
                                    </td>

                <td class="text-left discounts_price">
                    <span class="discount_price_label">cena</span>
                    <div class="left">
                        <strong class="discount_price_value">12,90&nbsp;Kč</strong>
                    </div>

                                            <div class="discount_amount left">
                            &nbsp;/&nbsp;0.5 l                        </div>
                    
                    
                    <div class="clear"></div>

                    <span style="font-size: 12px;">
                                                                                                25,80&nbsp;Kč&nbsp;/&nbsp;1&nbsp;l                                                                                    </span>

                                            <div class="discounts_club">
                            Platí pro členy klubu
                        </div>
                    
                                            <div class="discount_note">
                            plech                        </div>
                                    </td>

                <td class="text-left discounts_validity valid_discount">
                                                                        platí do úterý <span style="white-space: nowrap;">13. 9. </span>
                                                            </td>

                <td class="discounts_list_add">

                                            <div class="add_list_wrap">
                        


    
                                
        
        <div class="save_item_content nologin_save_item icon_only "
             data-idf="product_discounts_135807">
			<span class="link_content">
                
    <span class="spinner-absolute spinner-btn no_content hdn"><span class="js-loader"></span></span>

                <a data-rustmp="1" data-action="click" data-fn="rusInit" href="#"
                   aria-label="Přidat produkt do oblíbených - nutné přihlášení uživatele" style="line-height: 0;"
                   class="toggle_saved_item btn btn_default top_link link_heart " data-idf="product_discounts_135807" data-type="product"
                   data-item="135807"><span>Přidat produkt do oblíbených</span></a>
			</span>
                    </div>
                            </div>
                    
                                            <a data-product-id="135807" href="#5143175" role="button" aria-label="Přidat Pivo světlé Braník do nákupního seznamu" data-shop="1326" data-price="12.9" data-product="Pivo světlé Braník" class="btn btn_colored btn_list_add no_login">Přidat</a>
                                    </td>
            </tr>
                        </table>
    
    <div class="discounts_show_all_shops only_discount" data-product="135807">
        <a role="button" href="#135807" class="purple_link discount_all_shops only_discount">Další obchody (<span>2</span>)</a>
    </div>
</div>

    <div class="product_price_from">
        od <strong>12,90&nbsp;Kč</strong>
    </div>
                            <div class="clear"></div>
        </div>

        
        
        
    

    
        <div class="group_discounts active" data-page="3">
            <div class="absolute product_target" id="5093" style="top: -80px;"></div>

            <div class="product_image">
                <a href="/sleva/pivo-svetly-lezak-11-platan" title="Pivo světlý ležák 11° Platan" aria-hidden="true" tabindex="-1" class="open_detail" class="product_link_history" data-product-id="5093" data-product="pivo-svetly-lezak-11-platan">
                    <img src="/img/no_img/no_discounts.png"
                         data-src="https://img.kupi.cz/kupi/thumbs/pivo-svetly-lezak-11-platan_box_120_140.png"
                         alt="Pivo světlý ležák 11° Platan">
                </a>
                <span class="label-supplement">ilustrační obrázek</span>
            </div>

            <div class="relative product_discounts">
                <div class="wide left">
                    <div class="relative product_name_around" style="margin-right: 32px;">
                        <div data-product="5093" class="log_product product_name wide">
                            <h2>
                                <a title="Pivo světlý ležák 11° Platan" aria-label="Pivo světlý ležák 11° Platan v akci za 9,90 Kč" href="/sleva/pivo-svetly-lezak-11-platan" class="product_link_history" data-product="pivo-svetly-lezak-11-platan">
                                    <strong>Pivo světlý ležák 11° Platan</strong>
                                </a>

                                <span class="nowrap">
                                                                                                                                                                        <span>0.5 l</span>
                                                                                                                        
                                                                    </span>
                            </h2>

                            <div class="product_my_leaflet">
                                


    
                                
        
        <div class="save_item_content nologin_save_item  "
             data-idf="product_discounts_5093">
			<span class="link_content">
                
    <span class="spinner-absolute spinner-btn no_content hdn"><span class="js-loader"></span></span>

                <a data-rustmp="1" data-action="click" data-fn="rusInit" href="#"
                   aria-label="Přidat produkt do oblíbených - nutné přihlášení uživatele" style="line-height: 0;"
                   class="toggle_saved_item btn btn_default top_link link_heart " data-idf="product_discounts_5093" data-type="product"
                   data-item="5093"><span>Přidat produkt do oblíbených</span></a>
			</span>
                            <span class="saved_item_text">
                                                            Zapněte si oblíbené a upozorníme vás na novou akci
                                    		    </span>
                    </div>
                                </div>

                                                                                        <div id="price_5093" class="avg_price">Běžná cena: <span>17,65</span>&nbsp;Kč</div>
                            
                        </div>
                    </div>
                </div>
            </div>

            <div class="clear"></div>
                                    
    
<div class="relative product_discounts product_discounts_overview" id="product_5093">
    <table class="wide discounts_table">

                            
                        
                                        
            <tr data-product="5093" data-discount="5139458" class="log_discount discount_row only_discount" data-key="0.5-l" id="discount_5139458">
                <td width="60" class="text-left discounts_shop_image">
                                            <a href="/letaky/kaufland" class="product_link_history" data-product="pivo-svetly-lezak-11-platan" title="Kaufland leták">
                            <img src="https://img.kupi.cz/kupi/thumbs/loga_shopy/kaufland-2_80.png" alt="Kaufland leták" width="50">
                        </a>
                                    </td>

                <td class="discounts_shop_info">
                    <span class="discounts_shop_name">
                        <a href="/letaky/kaufland" class="product_link_history" data-product="pivo-svetly-lezak-11-platan" title="Kaufland">
                            <span>
                                                                    Kaufland
                                                                                                                                                                            </span>
                        </a>

                                                                    </span>

                    
                                            <div class="discounts_markets">
                                                            <a href="/obchod/kaufland/kaufland-kurim-blanenska" title="Kaufland" data-shop="Kaufland" class="product_link_history" data-product="pivo-svetly-lezak-11-platan">platí pro 8 nejbližších poboček</a>
                                                    </div>
                                    </td>

                <td class="text-left discounts_price">
                    <span class="discount_price_label">cena</span>
                    <div class="left">
                        <strong class="discount_price_value">9,90&nbsp;Kč</strong>
                    </div>

                                            <div class="discount_amount left">
                            &nbsp;/&nbsp;0.5 l                        </div>
                    
                    
                    <div class="clear"></div>

                    <span style="font-size: 12px;">
                                                                                                19,80&nbsp;Kč&nbsp;/&nbsp;1&nbsp;l                                                                                    </span>

                                            <div class="discounts_club">
                            Platí pro členy klubu
                        </div>
                    
                                            <div class="discount_note">
                            +3 Kč záloha na láhev, max 80 ks/osoba/den                        </div>
                                    </td>

                <td class="text-left discounts_validity valid_discount">
                                                                        platí do úterý <span style="white-space: nowrap;">13. 9. </span>
                                                            </td>

                <td class="discounts_list_add">

                                            <div class="add_list_wrap">
                        


    
                                
        
        <div class="save_item_content nologin_save_item icon_only "
             data-idf="product_discounts_5093">
			<span class="link_content">
                
    <span class="spinner-absolute spinner-btn no_content hdn"><span class="js-loader"></span></span>

                <a data-rustmp="1" data-action="click" data-fn="rusInit" href="#"
                   aria-label="Přidat produkt do oblíbených - nutné přihlášení uživatele" style="line-height: 0;"
                   class="toggle_saved_item btn btn_default top_link link_heart " data-idf="product_discounts_5093" data-type="product"
                   data-item="5093"><span>Přidat produkt do oblíbených</span></a>
			</span>
                    </div>
                            </div>
                    
                                            <a data-product-id="5093" href="#5139458" role="button" aria-label="Přidat Pivo světlý ležák 11° Platan do nákupního seznamu" data-shop="4" data-price="9.9" data-product="Pivo světlý ležák 11° Platan" class="btn btn_colored btn_list_add no_login">Přidat</a>
                                    </td>
            </tr>
                    
            
            <tr data-product="5093" data-discount="5139455" class="log_discount discount_row only_discount" data-key="0.5-l" id="discount_5139455">
                <td width="60" class="text-left discounts_shop_image">
                                            <a href="/letaky/kaufland" class="product_link_history" data-product="pivo-svetly-lezak-11-platan" title="Kaufland leták">
                            <img src="https://img.kupi.cz/kupi/thumbs/loga_shopy/kaufland-2_80.png" alt="Kaufland leták" width="50">
                        </a>
                                    </td>

                <td class="discounts_shop_info">
                    <span class="discounts_shop_name">
                        <a href="/letaky/kaufland" class="product_link_history" data-product="pivo-svetly-lezak-11-platan" title="Kaufland">
                            <span>
                                                                    Kaufland
                                                                                                                                                                            </span>
                        </a>

                                                                    </span>

                    
                                            <div class="discounts_markets">
                                                            <a href="/obchod/kaufland/kaufland-kurim-blanenska" title="Kaufland" data-shop="Kaufland" class="product_link_history" data-product="pivo-svetly-lezak-11-platan">platí pro 8 nejbližších poboček</a>
                                                    </div>
                                    </td>

                <td class="text-left discounts_price">
                    <span class="discount_price_label">cena</span>
                    <div class="left">
                        <strong class="discount_price_value">10,90&nbsp;Kč</strong>
                    </div>

                                            <div class="discount_amount left">
                            &nbsp;/&nbsp;0.5 l                        </div>
                    
                    
                    <div class="clear"></div>

                    <span style="font-size: 12px;">
                                                                                                21,80&nbsp;Kč&nbsp;/&nbsp;1&nbsp;l                                                                                    </span>

                    
                                            <div class="discount_note">
                            +3 Kč záloha na láhev, max 80 ks/osoba/den                        </div>
                                    </td>

                <td class="text-left discounts_validity valid_discount">
                                                                        platí do úterý <span style="white-space: nowrap;">13. 9. </span>
                                                            </td>

                <td class="discounts_list_add">

                                            <div class="add_list_wrap">
                        


    
                                
        
        <div class="save_item_content nologin_save_item icon_only "
             data-idf="product_discounts_5093">
			<span class="link_content">
                
    <span class="spinner-absolute spinner-btn no_content hdn"><span class="js-loader"></span></span>

                <a data-rustmp="1" data-action="click" data-fn="rusInit" href="#"
                   aria-label="Přidat produkt do oblíbených - nutné přihlášení uživatele" style="line-height: 0;"
                   class="toggle_saved_item btn btn_default top_link link_heart " data-idf="product_discounts_5093" data-type="product"
                   data-item="5093"><span>Přidat produkt do oblíbených</span></a>
			</span>
                    </div>
                            </div>
                    
                                            <a data-product-id="5093" href="#5139455" role="button" aria-label="Přidat Pivo světlý ležák 11° Platan do nákupního seznamu" data-shop="4" data-price="10.9" data-product="Pivo světlý ležák 11° Platan" class="btn btn_colored btn_list_add no_login">Přidat</a>
                                    </td>
            </tr>
                        </table>
    
    <div class="discounts_show_all_shops only_discount" data-product="5093" style="display: none;">
        <a role="button" href="#5093" class="purple_link discount_all_shops only_discount">Další obchody (<span>-2</span>)</a>
    </div>
</div>

    <div class="product_price_from">
        od <strong>9,90&nbsp;Kč</strong>
    </div>
                            <div class="clear"></div>
        </div>

        
        
            
                <div class="position_wrap">
                                            <div class="ssp_middle" data-sssp="ssp_middle_txt" data-device="desktop"></div>
            

                </div>

            
        
        
    

    
        <div class="group_discounts active" data-page="3">
            <div class="absolute product_target" id="51" style="top: -80px;"></div>

            <div class="product_image">
                <a href="/sleva/pivo-ochucene-radler-zlatopramen" title="Pivo ochucené Radler Zlatopramen" aria-hidden="true" tabindex="-1" class="open_detail" class="product_link_history" data-product-id="51" data-product="pivo-ochucene-radler-zlatopramen">
                    <img src="/img/no_img/no_discounts.png"
                         data-src="https://img.kupi.cz/kupi/thumbs/pivo-zlatopramen-radler_box_120_140.jpg"
                         alt="Pivo ochucené Radler Zlatopramen">
                </a>
                <span class="label-supplement">ilustrační obrázek</span>
            </div>

            <div class="relative product_discounts">
                <div class="wide left">
                    <div class="relative product_name_around" style="margin-right: 32px;">
                        <div data-product="51" class="log_product product_name wide">
                            <h2>
                                <a title="Pivo ochucené Radler Zlatopramen" aria-label="Pivo ochucené Radler Zlatopramen v akci za 12,90 Kč" href="/sleva/pivo-ochucene-radler-zlatopramen" class="product_link_history" data-product="pivo-ochucene-radler-zlatopramen">
                                    <strong>Pivo ochucené Radler Zlatopramen</strong>
                                </a>

                                <span class="nowrap">
                                                                                                                                                                        <span>0.5 l</span>
                                                                                                                        
                                                                    </span>
                            </h2>

                            <div class="product_my_leaflet">
                                


    
                                
        
        <div class="save_item_content nologin_save_item  "
             data-idf="product_discounts_51">
			<span class="link_content">
                
    <span class="spinner-absolute spinner-btn no_content hdn"><span class="js-loader"></span></span>

                <a data-rustmp="1" data-action="click" data-fn="rusInit" href="#"
                   aria-label="Přidat produkt do oblíbených - nutné přihlášení uživatele" style="line-height: 0;"
                   class="toggle_saved_item btn btn_default top_link link_heart " data-idf="product_discounts_51" data-type="product"
                   data-item="51"><span>Přidat produkt do oblíbených</span></a>
			</span>
                            <span class="saved_item_text">
                                                            Zapněte si oblíbené a upozorníme vás na novou akci
                                    		    </span>
                    </div>
                                </div>

                                                                                        <div id="price_51" class="avg_price">Běžná cena: <span>19,40</span>&nbsp;Kč</div>
                            
                        </div>
                    </div>
                </div>
            </div>

            <div class="clear"></div>
                                    
    
<div class="relative product_discounts product_discounts_overview" id="product_51">
    <table class="wide discounts_table">

                            
                        
                                        
            <tr data-product="51" data-discount="5111176" class="log_discount discount_row only_discount" data-key="0.5-l" id="discount_5111176">
                <td width="60" class="text-left discounts_shop_image">
                                            <a href="/letaky/jip" class="product_link_history" data-product="pivo-ochucene-radler-zlatopramen" title="JIP leták">
                            <img src="https://img.kupi.cz/kupi/thumbs/loga_shopy/jip-1_80.png" alt="JIP leták" width="50">
                        </a>
                                    </td>

                <td class="discounts_shop_info">
                    <span class="discounts_shop_name">
                        <a href="/letaky/jip" class="product_link_history" data-product="pivo-ochucene-radler-zlatopramen" title="JIP">
                            <span>
                                                                    JIP
                                                                                                                                                                            </span>
                        </a>

                                                                    </span>

                    
                                            <div class="discounts_markets">
                                                            <a href="/obchod/jip/jip-brno-herspicka" title="JIP" data-shop="JIP" class="product_link_history" data-product="pivo-ochucene-radler-zlatopramen">platí pro 1 nejbližší pobočku</a>
                                                    </div>
                                    </td>

                <td class="text-left discounts_price">
                    <span class="discount_price_label">cena</span>
                    <div class="left">
                        <strong class="discount_price_value">12,90&nbsp;Kč</strong>
                    </div>

                                            <div class="discount_amount left">
                            &nbsp;/&nbsp;0.5 l                        </div>
                    
                    
                    <div class="clear"></div>

                    <span style="font-size: 12px;">
                                                                                                25,80&nbsp;Kč&nbsp;/&nbsp;1&nbsp;l                                                                                    </span>

                    
                                            <div class="discount_note">
                            grep, pomeranč a zázvor, plech                        </div>
                                    </td>

                <td class="text-left discounts_validity valid_discount">
                                                                        zítra končí
                                                            </td>

                <td class="discounts_list_add">

                                            <div class="add_list_wrap">
                        


    
                                
        
        <div class="save_item_content nologin_save_item icon_only "
             data-idf="product_discounts_51">
			<span class="link_content">
                
    <span class="spinner-absolute spinner-btn no_content hdn"><span class="js-loader"></span></span>

                <a data-rustmp="1" data-action="click" data-fn="rusInit" href="#"
                   aria-label="Přidat produkt do oblíbených - nutné přihlášení uživatele" style="line-height: 0;"
                   class="toggle_saved_item btn btn_default top_link link_heart " data-idf="product_discounts_51" data-type="product"
                   data-item="51"><span>Přidat produkt do oblíbených</span></a>
			</span>
                    </div>
                            </div>
                    
                                            <a data-product-id="51" href="#5111176" role="button" aria-label="Přidat Pivo ochucené Radler Zlatopramen do nákupního seznamu" data-shop="271" data-price="12.9" data-product="Pivo ochucené Radler Zlatopramen" class="btn btn_colored btn_list_add no_login">Přidat</a>
                                    </td>
            </tr>
                    
            
            <tr data-product="51" data-discount="5138282" class="log_discount discount_row only_discount" data-key="0.5-l" id="discount_5138282">
                <td width="60" class="text-left discounts_shop_image">
                                            <a href="/letaky/tesco" class="product_link_history" data-product="pivo-ochucene-radler-zlatopramen" title="Tesco leták">
                            <img src="https://img.kupi.cz/kupi/thumbs/loga_shopy/tesco-hypermarket_80.png" alt="Tesco leták" width="50">
                        </a>
                                    </td>

                <td class="discounts_shop_info">
                    <span class="discounts_shop_name">
                        <a href="/letaky/tesco" class="product_link_history" data-product="pivo-ochucene-radler-zlatopramen" title="Tesco">
                            <span>
                                                                    Tesco
                                                                            
                                                                                                </span>
                        </a>

                                                                    </span>

                    
                                            <div class="discounts_markets">
                                                            <a href="/obchod/tesco/tesco-brno-cimburkova" title="Tesco" data-shop="Tesco" class="product_link_history" data-product="pivo-ochucene-radler-zlatopramen">platí pro 8 nejbližších poboček</a>
                                                    </div>
                                    </td>

                <td class="text-left discounts_price">
                    <span class="discount_price_label">cena</span>
                    <div class="left">
                        <strong class="discount_price_value">13,90&nbsp;Kč</strong>
                    </div>

                                            <div class="discount_amount left">
                            &nbsp;/&nbsp;0.5 l                        </div>
                    
                                            <div class="discount_percentage">&ndash;30&nbsp;%</div>
                    
                    <div class="clear"></div>

                    <span style="font-size: 12px;">
                                                                                                27,80&nbsp;Kč&nbsp;/&nbsp;1&nbsp;l                                                                                    </span>

                                            <div class="discounts_club">
                            Platí pro členy klubu
                        </div>
                    
                                            <div class="discount_note">
                            2 druhy, plech                        </div>
                                    </td>

                <td class="text-left discounts_validity valid_discount">
                                                                        platí do úterý <span style="white-space: nowrap;">20. 9. </span>
                                                            </td>

                <td class="discounts_list_add">

                                            <div class="add_list_wrap">
                        


    
                                
        
        <div class="save_item_content nologin_save_item icon_only "
             data-idf="product_discounts_51">
			<span class="link_content">
                
    <span class="spinner-absolute spinner-btn no_content hdn"><span class="js-loader"></span></span>

                <a data-rustmp="1" data-action="click" data-fn="rusInit" href="#"
                   aria-label="Přidat produkt do oblíbených - nutné přihlášení uživatele" style="line-height: 0;"
                   class="toggle_saved_item btn btn_default top_link link_heart " data-idf="product_discounts_51" data-type="product"
                   data-item="51"><span>Přidat produkt do oblíbených</span></a>
			</span>
                    </div>
                            </div>
                    
                                            <a data-product-id="51" href="#5138282" role="button" aria-label="Přidat Pivo ochucené Radler Zlatopramen do nákupního seznamu" data-shop="1" data-price="13.9" data-product="Pivo ochucené Radler Zlatopramen" class="btn btn_colored btn_list_add no_login">Přidat</a>
                                    </td>
            </tr>
                        </table>
    
    <div class="discounts_show_all_shops only_discount" data-product="51" style="display: none;">
        <a role="button" href="#51" class="purple_link discount_all_shops only_discount">Další obchody (<span>-2</span>)</a>
    </div>
</div>

    <div class="product_price_from">
        od <strong>12,90&nbsp;Kč</strong>
    </div>
                            <div class="clear"></div>
        </div>

        
        
        
    

    
        <div class="group_discounts active" data-page="3">
            <div class="absolute product_target" id="4623" style="top: -80px;"></div>

            <div class="product_image">
                <a href="/sleva/pivo-svetle-vycepni-moravan-litovel" title="Pivo světlé výčepní Moravan Litovel" aria-hidden="true" tabindex="-1" class="open_detail" class="product_link_history" data-product-id="4623" data-product="pivo-svetle-vycepni-moravan-litovel">
                    <img src="/img/no_img/no_discounts.png"
                         data-src="https://img.kupi.cz/kupi/thumbs/pivo-svetle-vycepni-moravan-litovel-1_box_120_140.jpg"
                         alt="Pivo světlé výčepní Moravan Litovel">
                </a>
                <span class="label-supplement">ilustrační obrázek</span>
            </div>

            <div class="relative product_discounts">
                <div class="wide left">
                    <div class="relative product_name_around" style="margin-right: 32px;">
                        <div data-product="4623" class="log_product product_name wide">
                            <h2>
                                <a title="Pivo světlé výčepní Moravan Litovel" aria-label="Pivo světlé výčepní Moravan Litovel v akci za 12,90 Kč" href="/sleva/pivo-svetle-vycepni-moravan-litovel" class="product_link_history" data-product="pivo-svetle-vycepni-moravan-litovel">
                                    <strong>Pivo světlé výčepní Moravan Litovel</strong>
                                </a>

                                <span class="nowrap">
                                                                                                                                                                        <span>0.5 l</span>
                                                                                                                        
                                                                    </span>
                            </h2>

                            <div class="product_my_leaflet">
                                


    
                                
        
        <div class="save_item_content nologin_save_item  "
             data-idf="product_discounts_4623">
			<span class="link_content">
                
    <span class="spinner-absolute spinner-btn no_content hdn"><span class="js-loader"></span></span>

                <a data-rustmp="1" data-action="click" data-fn="rusInit" href="#"
                   aria-label="Přidat produkt do oblíbených - nutné přihlášení uživatele" style="line-height: 0;"
                   class="toggle_saved_item btn btn_default top_link link_heart " data-idf="product_discounts_4623" data-type="product"
                   data-item="4623"><span>Přidat produkt do oblíbených</span></a>
			</span>
                            <span class="saved_item_text">
                                                            Zapněte si oblíbené a upozorníme vás na novou akci
                                    		    </span>
                    </div>
                                </div>

                                                                                        <div id="price_4623" class="avg_price">Běžná cena: <span>15,61</span>&nbsp;Kč</div>
                            
                        </div>
                    </div>
                </div>
            </div>

            <div class="clear"></div>
                                    
    
<div class="relative product_discounts product_discounts_overview" id="product_4623">
    <table class="wide discounts_table">

                            
                        
                                        
            <tr data-product="4623" data-discount="5140868" class="log_discount discount_row only_discount" data-key="0.5-l" id="discount_5140868">
                <td width="60" class="text-left discounts_shop_image">
                                            <a href="/letaky/cba" class="product_link_history" data-product="pivo-svetle-vycepni-moravan-litovel" title="CBA leták">
                            <img src="https://img.kupi.cz/kupi/thumbs/loga_shopy/cba_80.png" alt="CBA leták" width="50">
                        </a>
                                    </td>

                <td class="discounts_shop_info">
                    <span class="discounts_shop_name">
                        <a href="/letaky/cba" class="product_link_history" data-product="pivo-svetle-vycepni-moravan-litovel" title="CBA">
                            <span>
                                                                    CBA
                                                                                                                                                                            </span>
                        </a>

                                                                    </span>

                    
                                            <div class="discounts_markets">
                                                            <a href="/obchod/cba/potraviny-4" title="CBA" data-shop="CBA" class="product_link_history" data-product="pivo-svetle-vycepni-moravan-litovel">platí pro 32 nejbližších poboček</a>
                                                    </div>
                                    </td>

                <td class="text-left discounts_price price_future_discount">
                    <span class="discount_price_label">cena</span>
                    <div class="left">
                        <strong class="discount_price_value">12,90&nbsp;Kč</strong>
                    </div>

                                            <div class="discount_amount left">
                            &nbsp;/&nbsp;0.5 l                        </div>
                    
                    
                    <div class="clear"></div>

                    <span style="font-size: 12px;">
                                                                                                25,80&nbsp;Kč&nbsp;/&nbsp;1&nbsp;l                                                                                    </span>

                    
                                            <div class="discount_note">
                            +3 Kč záloha na láhev, pouze ve vybraných prodejnách                        </div>
                                    </td>

                <td class="text-left discounts_validity">
                                                                        st 14. 9.  &ndash; ne 25. 9. 
                                                            </td>

                <td class="discounts_list_add">

                                            <div class="add_list_wrap">
                        


    
                                
        
        <div class="save_item_content nologin_save_item icon_only "
             data-idf="product_discounts_4623">
			<span class="link_content">
                
    <span class="spinner-absolute spinner-btn no_content hdn"><span class="js-loader"></span></span>

                <a data-rustmp="1" data-action="click" data-fn="rusInit" href="#"
                   aria-label="Přidat produkt do oblíbených - nutné přihlášení uživatele" style="line-height: 0;"
                   class="toggle_saved_item btn btn_default top_link link_heart " data-idf="product_discounts_4623" data-type="product"
                   data-item="4623"><span>Přidat produkt do oblíbených</span></a>
			</span>
                    </div>
                            </div>
                    
                                            <a data-product-id="4623" href="#5140868" role="button" aria-label="Přidat Pivo světlé výčepní Moravan Litovel do nákupního seznamu" data-shop="257" data-price="12.9" data-product="Pivo světlé výčepní Moravan Litovel" class="btn btn_colored btn_list_add no_login">Přidat</a>
                                    </td>
            </tr>
                    
            
            <tr data-product="4623" data-discount="5145317" class="log_discount discount_row only_discount" data-key="0.5-l" id="discount_5145317">
                <td width="60" class="text-left discounts_shop_image">
                                            <a href="/letaky/cba" class="product_link_history" data-product="pivo-svetle-vycepni-moravan-litovel" title="CBA leták">
                            <img src="https://img.kupi.cz/kupi/thumbs/loga_shopy/cba_80.png" alt="CBA leták" width="50">
                        </a>
                                    </td>

                <td class="discounts_shop_info">
                    <span class="discounts_shop_name">
                        <a href="/letaky/cba" class="product_link_history" data-product="pivo-svetle-vycepni-moravan-litovel" title="CBA">
                            <span>
                                                                    CBA
                                                                                                                                                                            </span>
                        </a>

                                                                    </span>

                    
                                            <div class="discounts_markets">
                                                            <a href="/obchod/cba/potraviny-duha" title="CBA" data-shop="CBA" class="product_link_history" data-product="pivo-svetle-vycepni-moravan-litovel">platí pro 18 nejbližších poboček</a>
                                                    </div>
                                    </td>

                <td class="text-left discounts_price price_future_discount">
                    <span class="discount_price_label">cena</span>
                    <div class="left">
                        <strong class="discount_price_value">12,90&nbsp;Kč</strong>
                    </div>

                                            <div class="discount_amount left">
                            &nbsp;/&nbsp;0.5 l                        </div>
                    
                    
                    <div class="clear"></div>

                    <span style="font-size: 12px;">
                                                                                                25,80&nbsp;Kč&nbsp;/&nbsp;1&nbsp;l                                                                                    </span>

                    
                                            <div class="discount_note">
                            +3 Kč záloha na láhev, pouze ve vybraných prodejnách                        </div>
                                    </td>

                <td class="text-left discounts_validity">
                                                                        st 14. 9.  &ndash; út 20. 9. 
                                                            </td>

                <td class="discounts_list_add">

                                            <div class="add_list_wrap">
                        


    
                                
        
        <div class="save_item_content nologin_save_item icon_only "
             data-idf="product_discounts_4623">
			<span class="link_content">
                
    <span class="spinner-absolute spinner-btn no_content hdn"><span class="js-loader"></span></span>

                <a data-rustmp="1" data-action="click" data-fn="rusInit" href="#"
                   aria-label="Přidat produkt do oblíbených - nutné přihlášení uživatele" style="line-height: 0;"
                   class="toggle_saved_item btn btn_default top_link link_heart " data-idf="product_discounts_4623" data-type="product"
                   data-item="4623"><span>Přidat produkt do oblíbených</span></a>
			</span>
                    </div>
                            </div>
                    
                                            <a data-product-id="4623" href="#5145317" role="button" aria-label="Přidat Pivo světlé výčepní Moravan Litovel do nákupního seznamu" data-shop="257" data-price="12.9" data-product="Pivo světlé výčepní Moravan Litovel" class="btn btn_colored btn_list_add no_login">Přidat</a>
                                    </td>
            </tr>
                    
            
            <tr data-product="4623" data-discount="5117342" class="log_discount discount_row only_discount" data-key="0.5-l" id="discount_5117342">
                <td width="60" class="text-left discounts_shop_image">
                                            <a href="/letaky/cba" class="product_link_history" data-product="pivo-svetle-vycepni-moravan-litovel" title="CBA leták">
                            <img src="https://img.kupi.cz/kupi/thumbs/loga_shopy/cba_80.png" alt="CBA leták" width="50">
                        </a>
                                    </td>

                <td class="discounts_shop_info">
                    <span class="discounts_shop_name">
                        <a href="/letaky/cba" class="product_link_history" data-product="pivo-svetle-vycepni-moravan-litovel" title="CBA">
                            <span>
                                                                    CBA
                                                                                                                                                                            </span>
                        </a>

                                                                    </span>

                    
                                            <div class="discounts_markets">
                                                            <a href="/obchod/cba/potraviny-duha" title="CBA" data-shop="CBA" class="product_link_history" data-product="pivo-svetle-vycepni-moravan-litovel">platí pro 17 nejbližších poboček</a>
                                                    </div>
                                    </td>

                <td class="text-left discounts_price">
                    <span class="discount_price_label">cena</span>
                    <div class="left">
                        <strong class="discount_price_value">17,90&nbsp;Kč</strong>
                    </div>

                                            <div class="discount_amount left">
                            &nbsp;/&nbsp;0.5 l                        </div>
                    
                    
                    <div class="clear"></div>

                    <span style="font-size: 12px;">
                                                                                                35,80&nbsp;Kč&nbsp;/&nbsp;1&nbsp;l                                                                                    </span>

                    
                                            <div class="discount_note">
                            plech, pouze ve vybraných prodejnách                        </div>
                                    </td>

                <td class="text-left discounts_validity valid_discount">
                                                                        platí do úterý <span style="white-space: nowrap;">13. 9. </span>
                                                            </td>

                <td class="discounts_list_add">

                                            <div class="add_list_wrap">
                        


    
                                
        
        <div class="save_item_content nologin_save_item icon_only "
             data-idf="product_discounts_4623">
			<span class="link_content">
                
    <span class="spinner-absolute spinner-btn no_content hdn"><span class="js-loader"></span></span>

                <a data-rustmp="1" data-action="click" data-fn="rusInit" href="#"
                   aria-label="Přidat produkt do oblíbených - nutné přihlášení uživatele" style="line-height: 0;"
                   class="toggle_saved_item btn btn_default top_link link_heart " data-idf="product_discounts_4623" data-type="product"
                   data-item="4623"><span>Přidat produkt do oblíbených</span></a>
			</span>
                    </div>
                            </div>
                    
                                            <a data-product-id="4623" href="#5117342" role="button" aria-label="Přidat Pivo světlé výčepní Moravan Litovel do nákupního seznamu" data-shop="257" data-price="17.9" data-product="Pivo světlé výčepní Moravan Litovel" class="btn btn_colored btn_list_add no_login">Přidat</a>
                                    </td>
            </tr>
                        </table>
    
    <div class="discounts_show_all_shops only_discount" data-product="4623" style="display: none;">
        <a role="button" href="#4623" class="purple_link discount_all_shops only_discount">Další obchody (<span>-1</span>)</a>
    </div>
</div>

    <div class="product_price_from">
        od <strong>12,90&nbsp;Kč</strong>
    </div>
                            <div class="clear"></div>
        </div>

        
        
        
    

    
        <div class="group_discounts active" data-page="3">
            <div class="absolute product_target" id="343480" style="top: -80px;"></div>

            <div class="product_image">
                <a href="/sleva/pivo-svetly-vycepni-special-rog-ipa-radegast" title="Pivo světlý výčepní speciál ROG IPA Radegast" aria-hidden="true" tabindex="-1" class="open_detail" class="product_link_history" data-product-id="343480" data-product="pivo-svetly-vycepni-special-rog-ipa-radegast">
                    <img src="/img/no_img/no_discounts.png"
                         data-src="https://img.kupi.cz/kupi/thumbs/pivo-svetly-lezak-rog-ipa-radegast_box_120_140.png"
                         alt="Pivo světlý výčepní speciál ROG IPA Radegast">
                </a>
                <span class="label-supplement">ilustrační obrázek</span>
            </div>

            <div class="relative product_discounts">
                <div class="wide left">
                    <div class="relative product_name_around" style="margin-right: 32px;">
                        <div data-product="343480" class="log_product product_name wide">
                            <h2>
                                <a title="Pivo světlý výčepní speciál ROG IPA Radegast" aria-label="Pivo světlý výčepní speciál ROG IPA Radegast v akci za 19,90 Kč" href="/sleva/pivo-svetly-vycepni-special-rog-ipa-radegast" class="product_link_history" data-product="pivo-svetly-vycepni-special-rog-ipa-radegast">
                                    <strong>Pivo světlý výčepní speciál ROG IPA Radegast</strong>
                                </a>

                                <span class="nowrap">
                                                                                                                                                                        <span>0.5 l</span>
                                                                                                                        
                                                                    </span>
                            </h2>

                            <div class="product_my_leaflet">
                                


    
                                
        
        <div class="save_item_content nologin_save_item  "
             data-idf="product_discounts_343480">
			<span class="link_content">
                
    <span class="spinner-absolute spinner-btn no_content hdn"><span class="js-loader"></span></span>

                <a data-rustmp="1" data-action="click" data-fn="rusInit" href="#"
                   aria-label="Přidat produkt do oblíbených - nutné přihlášení uživatele" style="line-height: 0;"
                   class="toggle_saved_item btn btn_default top_link link_heart " data-idf="product_discounts_343480" data-type="product"
                   data-item="343480"><span>Přidat produkt do oblíbených</span></a>
			</span>
                            <span class="saved_item_text">
                                                            Zapněte si oblíbené a upozorníme vás na novou akci
                                    		    </span>
                    </div>
                                </div>

                                                                                        <div id="price_343480" class="avg_price">Běžná cena: <span>24,90</span>&nbsp;Kč</div>
                            
                        </div>
                    </div>
                </div>
            </div>

            <div class="clear"></div>
                                    
    
<div class="relative product_discounts product_discounts_overview" id="product_343480">
    <table class="wide discounts_table">

                            
                        
                                        
            <tr data-product="343480" data-discount="5135450" class="log_discount discount_row only_discount" data-key="0.5-l" id="discount_5135450">
                <td width="60" class="text-left discounts_shop_image">
                                            <a href="/letaky/albert" class="product_link_history" data-product="pivo-svetly-vycepni-special-rog-ipa-radegast" title="Albert leták">
                            <img src="https://img.kupi.cz/kupi/thumbs/loga_shopy/albert-supermarket_80.png" alt="Albert leták" width="50">
                        </a>
                                    </td>

                <td class="discounts_shop_info">
                    <span class="discounts_shop_name">
                        <a href="/letaky/albert" class="product_link_history" data-product="pivo-svetly-vycepni-special-rog-ipa-radegast" title="Albert">
                            <span>
                                                                    Albert
                                                                                                                        supermarket
                                                                                                                                        </span>
                        </a>

                                                                    </span>

                    
                                            <div class="discounts_markets">
                                                            <a href="/obchod/albert/albert-kurim" title="Albert" data-shop="Albert" class="product_link_history" data-product="pivo-svetly-vycepni-special-rog-ipa-radegast">platí pro 33 nejbližších poboček</a>
                                                    </div>
                                    </td>

                <td class="text-left discounts_price">
                    <span class="discount_price_label">cena</span>
                    <div class="left">
                        <strong class="discount_price_value">19,90&nbsp;Kč</strong>
                    </div>

                                            <div class="discount_amount left">
                            &nbsp;/&nbsp;0.5 l                        </div>
                    
                                            <div class="discount_percentage">&ndash;20&nbsp;%</div>
                    
                    <div class="clear"></div>

                    <span style="font-size: 12px;">
                                                                                                39,80&nbsp;Kč&nbsp;/&nbsp;1&nbsp;l                                                                                    </span>

                    
                                            <div class="discount_note">
                            +3 Kč záloha na láhev                        </div>
                                    </td>

                <td class="text-left discounts_validity valid_discount">
                                                                        platí do úterý <span style="white-space: nowrap;">13. 9. </span>
                                                            </td>

                <td class="discounts_list_add">

                                            <div class="add_list_wrap">
                        


    
                                
        
        <div class="save_item_content nologin_save_item icon_only "
             data-idf="product_discounts_343480">
			<span class="link_content">
                
    <span class="spinner-absolute spinner-btn no_content hdn"><span class="js-loader"></span></span>

                <a data-rustmp="1" data-action="click" data-fn="rusInit" href="#"
                   aria-label="Přidat produkt do oblíbených - nutné přihlášení uživatele" style="line-height: 0;"
                   class="toggle_saved_item btn btn_default top_link link_heart " data-idf="product_discounts_343480" data-type="product"
                   data-item="343480"><span>Přidat produkt do oblíbených</span></a>
			</span>
                    </div>
                            </div>
                    
                                            <a data-product-id="343480" href="#5135450" role="button" aria-label="Přidat Pivo světlý výčepní speciál ROG IPA Radegast do nákupního seznamu" data-shop="3" data-price="19.9" data-product="Pivo světlý výčepní speciál ROG IPA Radegast" class="btn btn_colored btn_list_add no_login">Přidat</a>
                                    </td>
            </tr>
                        </table>
    
    <div class="discounts_show_all_shops only_discount" data-product="343480" style="display: none;">
        <a role="button" href="#343480" class="purple_link discount_all_shops only_discount">Další obchody (<span>-3</span>)</a>
    </div>
</div>

    <div class="product_price_from">
        od <strong>19,90&nbsp;Kč</strong>
    </div>
                            <div class="clear"></div>
        </div>

        
        
        
    

    
        <div class="group_discounts active" data-page="3">
            <div class="absolute product_target" id="213183" style="top: -80px;"></div>

            <div class="product_image">
                <a href="/sleva/pivo-svetle-vycepni-original-kralovska-10-krusovice" title="Pivo světlé výčepní Originál Královská 10° Krušovice" aria-hidden="true" tabindex="-1" class="open_detail" class="product_link_history" data-product-id="213183" data-product="pivo-svetle-vycepni-original-kralovska-10-krusovice">
                    <img src="/img/no_img/no_discounts.png"
                         data-src="https://img.kupi.cz/kupi/thumbs/pivo-kralovska-10-krusovice_box_120_140.jpg"
                         alt="Pivo světlé výčepní Originál Královská 10° Krušovice">
                </a>
                <span class="label-supplement">ilustrační obrázek</span>
            </div>

            <div class="relative product_discounts">
                <div class="wide left">
                    <div class="relative product_name_around" style="margin-right: 32px;">
                        <div data-product="213183" class="log_product product_name wide">
                            <h2>
                                <a title="Pivo světlé výčepní Originál Královská 10° Krušovice" aria-label="Pivo světlé výčepní Originál Královská 10° Krušovice v akci za 9,90 Kč" href="/sleva/pivo-svetle-vycepni-original-kralovska-10-krusovice" class="product_link_history" data-product="pivo-svetle-vycepni-original-kralovska-10-krusovice">
                                    <strong>Pivo světlé výčepní Originál Královská 10° Krušovice</strong>
                                </a>

                                <span class="nowrap">
                                                                                                                                                                        <span>0.5 l</span>
                                                                                                                        
                                                                    </span>
                            </h2>

                            <div class="product_my_leaflet">
                                


    
                                
        
        <div class="save_item_content nologin_save_item  "
             data-idf="product_discounts_213183">
			<span class="link_content">
                
    <span class="spinner-absolute spinner-btn no_content hdn"><span class="js-loader"></span></span>

                <a data-rustmp="1" data-action="click" data-fn="rusInit" href="#"
                   aria-label="Přidat produkt do oblíbených - nutné přihlášení uživatele" style="line-height: 0;"
                   class="toggle_saved_item btn btn_default top_link link_heart " data-idf="product_discounts_213183" data-type="product"
                   data-item="213183"><span>Přidat produkt do oblíbených</span></a>
			</span>
                            <span class="saved_item_text">
                                                            Zapněte si oblíbené a upozorníme vás na novou akci
                                    		    </span>
                    </div>
                                </div>

                                                                                        <div id="price_213183" class="avg_price">Běžná cena: <span>15,27</span>&nbsp;Kč</div>
                            
                        </div>
                    </div>
                </div>
            </div>

            <div class="clear"></div>
                                    
    
<div class="relative product_discounts product_discounts_overview" id="product_213183">
    <table class="wide discounts_table">

                            
                        
                                        
            <tr data-product="213183" data-discount="5138072" class="log_discount discount_row only_discount" data-key="0.5-l" id="discount_5138072">
                <td width="60" class="text-left discounts_shop_image">
                                            <a href="/letaky/tesco" class="product_link_history" data-product="pivo-svetle-vycepni-original-kralovska-10-krusovice" title="Tesco leták">
                            <img src="https://img.kupi.cz/kupi/thumbs/loga_shopy/tesco-hypermarket_80.png" alt="Tesco leták" width="50">
                        </a>
                                    </td>

                <td class="discounts_shop_info">
                    <span class="discounts_shop_name">
                        <a href="/letaky/tesco" class="product_link_history" data-product="pivo-svetle-vycepni-original-kralovska-10-krusovice" title="Tesco">
                            <span>
                                                                    Tesco
                                                                            
                                                                                                </span>
                        </a>

                                                                    </span>

                    
                                            <div class="discounts_markets">
                                                            <a href="/obchod/tesco/tesco-brno-cimburkova" title="Tesco" data-shop="Tesco" class="product_link_history" data-product="pivo-svetle-vycepni-original-kralovska-10-krusovice">platí pro 8 nejbližších poboček</a>
                                                    </div>
                                    </td>

                <td class="text-left discounts_price">
                    <span class="discount_price_label">cena</span>
                    <div class="left">
                        <strong class="discount_price_value">9,90&nbsp;Kč</strong>
                    </div>

                                            <div class="discount_amount left">
                            &nbsp;/&nbsp;0.5 l                        </div>
                    
                                            <div class="discount_percentage">&ndash;29&nbsp;%</div>
                    
                    <div class="clear"></div>

                    <span style="font-size: 12px;">
                                                                                                19,80&nbsp;Kč&nbsp;/&nbsp;1&nbsp;l                                                                                    </span>

                                            <div class="discounts_club">
                            Platí pro členy klubu
                        </div>
                    
                                            <div class="discount_note">
                            +3 Kč záloha na láhev                        </div>
                                    </td>

                <td class="text-left discounts_validity valid_discount">
                                                                        platí do pátku <span style="white-space: nowrap;">30. 9. </span>
                                                            </td>

                <td class="discounts_list_add">

                                            <div class="add_list_wrap">
                        


    
                                
        
        <div class="save_item_content nologin_save_item icon_only "
             data-idf="product_discounts_213183">
			<span class="link_content">
                
    <span class="spinner-absolute spinner-btn no_content hdn"><span class="js-loader"></span></span>

                <a data-rustmp="1" data-action="click" data-fn="rusInit" href="#"
                   aria-label="Přidat produkt do oblíbených - nutné přihlášení uživatele" style="line-height: 0;"
                   class="toggle_saved_item btn btn_default top_link link_heart " data-idf="product_discounts_213183" data-type="product"
                   data-item="213183"><span>Přidat produkt do oblíbených</span></a>
			</span>
                    </div>
                            </div>
                    
                                            <a data-product-id="213183" href="#5138072" role="button" aria-label="Přidat Pivo světlé výčepní Originál Královská 10° Krušovice do nákupního seznamu" data-shop="1" data-price="9.9" data-product="Pivo světlé výčepní Originál Královská 10° Krušovice" class="btn btn_colored btn_list_add no_login">Přidat</a>
                                    </td>
            </tr>
                    
            
            <tr data-product="213183" data-discount="5105299" class="log_discount discount_row only_discount" data-key="0.5-l" id="discount_5105299">
                <td width="60" class="text-left discounts_shop_image">
                                            <a href="/letaky/tesco" class="product_link_history" data-product="pivo-svetle-vycepni-original-kralovska-10-krusovice" title="Tesco leták">
                            <img src="https://img.kupi.cz/kupi/thumbs/loga_shopy/tesco-hypermarket_80.png" alt="Tesco leták" width="50">
                        </a>
                                    </td>

                <td class="discounts_shop_info">
                    <span class="discounts_shop_name">
                        <a href="/letaky/tesco" class="product_link_history" data-product="pivo-svetle-vycepni-original-kralovska-10-krusovice" title="Tesco">
                            <span>
                                                                    Tesco
                                                                            
                                                                                                </span>
                        </a>

                                                                    </span>

                    
                                            <div class="discounts_markets">
                                                            <a href="/obchod/tesco/tesco-brno-cimburkova" title="Tesco" data-shop="Tesco" class="product_link_history" data-product="pivo-svetle-vycepni-original-kralovska-10-krusovice">platí pro 8 nejbližších poboček</a>
                                                    </div>
                                    </td>

                <td class="text-left discounts_price">
                    <span class="discount_price_label">cena</span>
                    <div class="left">
                        <strong class="discount_price_value">94,90&nbsp;Kč</strong>
                    </div>

                                            <div class="discount_amount left">
                            &nbsp;/&nbsp;8x 0.5 l                        </div>
                    
                                            <div class="discount_percentage">&ndash;21&nbsp;%</div>
                    
                    <div class="clear"></div>

                    <span style="font-size: 12px;">
                                                                                                23,73&nbsp;Kč&nbsp;/&nbsp;1&nbsp;l                                                                                    </span>

                                            <div class="discounts_club">
                            Platí pro členy klubu
                        </div>
                    
                                            <div class="discount_note">
                            plech                        </div>
                                    </td>

                <td class="text-left discounts_validity valid_discount">
                                                                        platí do úterý <span style="white-space: nowrap;">13. 9. </span>
                                                            </td>

                <td class="discounts_list_add">

                                            <div class="add_list_wrap">
                        


    
                                
        
        <div class="save_item_content nologin_save_item icon_only "
             data-idf="product_discounts_213183">
			<span class="link_content">
                
    <span class="spinner-absolute spinner-btn no_content hdn"><span class="js-loader"></span></span>

                <a data-rustmp="1" data-action="click" data-fn="rusInit" href="#"
                   aria-label="Přidat produkt do oblíbených - nutné přihlášení uživatele" style="line-height: 0;"
                   class="toggle_saved_item btn btn_default top_link link_heart " data-idf="product_discounts_213183" data-type="product"
                   data-item="213183"><span>Přidat produkt do oblíbených</span></a>
			</span>
                    </div>
                            </div>
                    
                                            <a data-product-id="213183" href="#5105299" role="button" aria-label="Přidat Pivo světlé výčepní Originál Královská 10° Krušovice do nákupního seznamu" data-shop="1" data-price="94.9" data-product="Pivo světlé výčepní Originál Královská 10° Krušovice" class="btn btn_colored btn_list_add no_login">Přidat</a>
                                    </td>
            </tr>
                    
            
            <tr data-product="213183" data-discount="5111167" class="log_discount discount_row only_discount" data-key="0.5-l" id="discount_5111167">
                <td width="60" class="text-left discounts_shop_image">
                                            <a href="/letaky/jip" class="product_link_history" data-product="pivo-svetle-vycepni-original-kralovska-10-krusovice" title="JIP leták">
                            <img src="https://img.kupi.cz/kupi/thumbs/loga_shopy/jip-1_80.png" alt="JIP leták" width="50">
                        </a>
                                    </td>

                <td class="discounts_shop_info">
                    <span class="discounts_shop_name">
                        <a href="/letaky/jip" class="product_link_history" data-product="pivo-svetle-vycepni-original-kralovska-10-krusovice" title="JIP">
                            <span>
                                                                    JIP
                                                                                                                                                                            </span>
                        </a>

                                                                    </span>

                    
                                            <div class="discounts_markets">
                                                            <a href="/obchod/jip/jip-brno-herspicka" title="JIP" data-shop="JIP" class="product_link_history" data-product="pivo-svetle-vycepni-original-kralovska-10-krusovice">platí pro 1 nejbližší pobočku</a>
                                                    </div>
                                    </td>

                <td class="text-left discounts_price">
                    <span class="discount_price_label">cena</span>
                    <div class="left">
                        <strong class="discount_price_value">11,90&nbsp;Kč</strong>
                    </div>

                                            <div class="discount_amount left">
                            &nbsp;/&nbsp;0.5 l                        </div>
                    
                    
                    <div class="clear"></div>

                    <span style="font-size: 12px;">
                                                                                                23,80&nbsp;Kč&nbsp;/&nbsp;1&nbsp;l                                                                                    </span>

                    
                                            <div class="discount_note">
                            plech                        </div>
                                    </td>

                <td class="text-left discounts_validity valid_discount">
                                                                        zítra končí
                                                            </td>

                <td class="discounts_list_add">

                                            <div class="add_list_wrap">
                        


    
                                
        
        <div class="save_item_content nologin_save_item icon_only "
             data-idf="product_discounts_213183">
			<span class="link_content">
                
    <span class="spinner-absolute spinner-btn no_content hdn"><span class="js-loader"></span></span>

                <a data-rustmp="1" data-action="click" data-fn="rusInit" href="#"
                   aria-label="Přidat produkt do oblíbených - nutné přihlášení uživatele" style="line-height: 0;"
                   class="toggle_saved_item btn btn_default top_link link_heart " data-idf="product_discounts_213183" data-type="product"
                   data-item="213183"><span>Přidat produkt do oblíbených</span></a>
			</span>
                    </div>
                            </div>
                    
                                            <a data-product-id="213183" href="#5111167" role="button" aria-label="Přidat Pivo světlé výčepní Originál Královská 10° Krušovice do nákupního seznamu" data-shop="271" data-price="11.9" data-product="Pivo světlé výčepní Originál Královská 10° Krušovice" class="btn btn_colored btn_list_add no_login">Přidat</a>
                                    </td>
            </tr>
                        </table>
    
    <div class="discounts_show_all_shops only_discount" data-product="213183" style="display: none;">
        <a role="button" href="#213183" class="purple_link discount_all_shops only_discount">Další obchody (<span>-1</span>)</a>
    </div>
</div>

    <div class="product_price_from">
        od <strong>9,90&nbsp;Kč</strong>
    </div>
                            <div class="clear"></div>
        </div>

        
        
        
    

    
        <div class="group_discounts active" data-page="3">
            <div class="absolute product_target" id="216927" style="top: -80px;"></div>

            <div class="product_image">
                <a href="/sleva/pivo-branik" title="Pivo Braník" aria-hidden="true" tabindex="-1" class="open_detail" class="product_link_history" data-product-id="216927" data-product="pivo-branik">
                    <img src="/img/no_img/no_discounts.png"
                         data-src="https://img.kupi.cz/kupi/thumbs/pivo-branik_box_120_140.jpg"
                         alt="Pivo Braník">
                </a>
                <span class="label-supplement">ilustrační obrázek</span>
            </div>

            <div class="relative product_discounts">
                <div class="wide left">
                    <div class="relative product_name_around" style="margin-right: 32px;">
                        <div data-product="216927" class="log_product product_name wide">
                            <h2>
                                <a title="Pivo Braník" aria-label="Pivo Braník v akci za 31,90 Kč" href="/sleva/pivo-branik" class="product_link_history" data-product="pivo-branik">
                                    <strong>Pivo Braník</strong>
                                </a>

                                <span class="nowrap">
                                                                                                                                                                        <span>2 l</span>
                                                                                                                        
                                                                    </span>
                            </h2>

                            <div class="product_my_leaflet">
                                


    
                                
        
        <div class="save_item_content nologin_save_item  "
             data-idf="product_discounts_216927">
			<span class="link_content">
                
    <span class="spinner-absolute spinner-btn no_content hdn"><span class="js-loader"></span></span>

                <a data-rustmp="1" data-action="click" data-fn="rusInit" href="#"
                   aria-label="Přidat produkt do oblíbených - nutné přihlášení uživatele" style="line-height: 0;"
                   class="toggle_saved_item btn btn_default top_link link_heart " data-idf="product_discounts_216927" data-type="product"
                   data-item="216927"><span>Přidat produkt do oblíbených</span></a>
			</span>
                            <span class="saved_item_text">
                                                            Zapněte si oblíbené a upozorníme vás na novou akci
                                    		    </span>
                    </div>
                                </div>

                                                                                        <div id="price_216927" class="avg_price">Běžná cena: <span>44,90</span>&nbsp;Kč</div>
                            
                        </div>
                    </div>
                </div>
            </div>

            <div class="clear"></div>
                                    
    
<div class="relative product_discounts product_discounts_overview" id="product_216927">
    <table class="wide discounts_table">

                            
                        
                                        
            <tr data-product="216927" data-discount="5141285" class="log_discount discount_row only_discount" data-key="2-l" id="discount_5141285">
                <td width="60" class="text-left discounts_shop_image">
                                            <a href="/letaky/penny-market" class="product_link_history" data-product="pivo-branik" title="Penny Market leták">
                            <img src="https://img.kupi.cz/kupi/thumbs/loga_shopy/penny-market_80.png" alt="Penny Market leták" width="50">
                        </a>
                                    </td>

                <td class="discounts_shop_info">
                    <span class="discounts_shop_name">
                        <a href="/letaky/penny-market" class="product_link_history" data-product="pivo-branik" title="Penny Market">
                            <span>
                                                                    Penny Market
                                                                                                                                                                            </span>
                        </a>

                                                                    </span>

                    
                                            <div class="discounts_markets">
                                                            <a href="/obchod/penny-market/penny-market-kurim" title="Penny Market" data-shop="Penny Market" class="product_link_history" data-product="pivo-branik">platí pro 21 nejbližších poboček</a>
                                                    </div>
                                    </td>

                <td class="text-left discounts_price">
                    <span class="discount_price_label">cena</span>
                    <div class="left">
                        <strong class="discount_price_value">31,90&nbsp;Kč</strong>
                    </div>

                                            <div class="discount_amount left">
                            &nbsp;/&nbsp;2 l                        </div>
                    
                                            <div class="discount_percentage">&ndash;29&nbsp;%</div>
                    
                    <div class="clear"></div>

                    <span style="font-size: 12px;">
                                                                                                15,95&nbsp;Kč&nbsp;/&nbsp;1&nbsp;l                                                                                    </span>

                    
                                            <div class="discount_note">
                            pet láhev                        </div>
                                    </td>

                <td class="text-left discounts_validity valid_discount">
                                                                        platí do středy <span style="white-space: nowrap;">14. 9. </span>
                                                            </td>

                <td class="discounts_list_add">

                                            <div class="add_list_wrap">
                        


    
                                
        
        <div class="save_item_content nologin_save_item icon_only "
             data-idf="product_discounts_216927">
			<span class="link_content">
                
    <span class="spinner-absolute spinner-btn no_content hdn"><span class="js-loader"></span></span>

                <a data-rustmp="1" data-action="click" data-fn="rusInit" href="#"
                   aria-label="Přidat produkt do oblíbených - nutné přihlášení uživatele" style="line-height: 0;"
                   class="toggle_saved_item btn btn_default top_link link_heart " data-idf="product_discounts_216927" data-type="product"
                   data-item="216927"><span>Přidat produkt do oblíbených</span></a>
			</span>
                    </div>
                            </div>
                    
                                            <a data-product-id="216927" href="#5141285" role="button" aria-label="Přidat Pivo Braník do nákupního seznamu" data-shop="7" data-price="31.9" data-product="Pivo Braník" class="btn btn_colored btn_list_add no_login">Přidat</a>
                                    </td>
            </tr>
                        </table>
    
    <div class="discounts_show_all_shops only_discount" data-product="216927" style="display: none;">
        <a role="button" href="#216927" class="purple_link discount_all_shops only_discount">Další obchody (<span>-3</span>)</a>
    </div>
</div>

    <div class="product_price_from">
        od <strong>31,90&nbsp;Kč</strong>
    </div>
                            <div class="clear"></div>
        </div>

        
        
        
    

    
        <div class="group_discounts active" data-page="3">
            <div class="absolute product_target" id="134055" style="top: -80px;"></div>

            <div class="product_image">
                <a href="/sleva/pivo-zlaty-bazant" title="Pivo Zlatý Bažant" aria-hidden="true" tabindex="-1" class="open_detail" class="product_link_history" data-product-id="134055" data-product="pivo-zlaty-bazant">
                    <img src="/img/no_img/no_discounts.png"
                         data-src="https://img.kupi.cz/kupi/thumbs/pivo-zlaty-bazant-1_box_120_140.jpg"
                         alt="Pivo Zlatý Bažant">
                </a>
                <span class="label-supplement">ilustrační obrázek</span>
            </div>

            <div class="relative product_discounts">
                <div class="wide left">
                    <div class="relative product_name_around" style="margin-right: 32px;">
                        <div data-product="134055" class="log_product product_name wide">
                            <h2>
                                <a title="Pivo Zlatý Bažant" aria-label="Pivo Zlatý Bažant v akci za 15,90 Kč" href="/sleva/pivo-zlaty-bazant" class="product_link_history" data-product="pivo-zlaty-bazant">
                                    <strong>Pivo Zlatý Bažant</strong>
                                </a>

                                <span class="nowrap">
                                                                                                                                                                        <span>0.5 l</span>
                                                                                                                        
                                                                    </span>
                            </h2>

                            <div class="product_my_leaflet">
                                


    
                                
        
        <div class="save_item_content nologin_save_item  "
             data-idf="product_discounts_134055">
			<span class="link_content">
                
    <span class="spinner-absolute spinner-btn no_content hdn"><span class="js-loader"></span></span>

                <a data-rustmp="1" data-action="click" data-fn="rusInit" href="#"
                   aria-label="Přidat produkt do oblíbených - nutné přihlášení uživatele" style="line-height: 0;"
                   class="toggle_saved_item btn btn_default top_link link_heart " data-idf="product_discounts_134055" data-type="product"
                   data-item="134055"><span>Přidat produkt do oblíbených</span></a>
			</span>
                            <span class="saved_item_text">
                                                            Zapněte si oblíbené a upozorníme vás na novou akci
                                    		    </span>
                    </div>
                                </div>

                                                                                        <div id="price_134055" class="avg_price">Běžná cena: <span>21,89</span>&nbsp;Kč</div>
                            
                        </div>
                    </div>
                </div>
            </div>

            <div class="clear"></div>
                                    
    
<div class="relative product_discounts product_discounts_overview" id="product_134055">
    <table class="wide discounts_table">

                            
                        
                                        
            <tr data-product="134055" data-discount="5128652" class="log_discount discount_row only_discount" data-key="0.5-l" id="discount_5128652">
                <td width="60" class="text-left discounts_shop_image">
                                            <a href="/letaky/billa" class="product_link_history" data-product="pivo-zlaty-bazant" title="BILLA leták">
                            <img src="https://img.kupi.cz/kupi/thumbs/loga_shopy/billa_80.png" alt="BILLA leták" width="50">
                        </a>
                                    </td>

                <td class="discounts_shop_info">
                    <span class="discounts_shop_name">
                        <a href="/letaky/billa" class="product_link_history" data-product="pivo-zlaty-bazant" title="BILLA">
                            <span>
                                                                    BILLA
                                                                                                                                                                            </span>
                        </a>

                                                                    </span>

                    
                                            <div class="discounts_markets">
                                                            <a href="/obchod/billa/billa-brno-podperova" title="BILLA" data-shop="BILLA" class="product_link_history" data-product="pivo-zlaty-bazant">platí pro 14 nejbližších poboček</a>
                                                    </div>
                                    </td>

                <td class="text-left discounts_price">
                    <span class="discount_price_label">cena</span>
                    <div class="left">
                        <strong class="discount_price_value">15,90&nbsp;Kč</strong>
                    </div>

                                            <div class="discount_amount left">
                            &nbsp;/&nbsp;0.5 l                        </div>
                    
                    
                    <div class="clear"></div>

                    <span style="font-size: 12px;">
                                                                                                31,80&nbsp;Kč&nbsp;/&nbsp;1&nbsp;l                                                                                    </span>

                    
                                            <div class="discount_note">
                            plech                        </div>
                                    </td>

                <td class="text-left discounts_validity valid_discount">
                                                                        platí do neděle <span style="white-space: nowrap;">25. 9. </span>
                                                            </td>

                <td class="discounts_list_add">

                                            <div class="add_list_wrap">
                        


    
                                
        
        <div class="save_item_content nologin_save_item icon_only "
             data-idf="product_discounts_134055">
			<span class="link_content">
                
    <span class="spinner-absolute spinner-btn no_content hdn"><span class="js-loader"></span></span>

                <a data-rustmp="1" data-action="click" data-fn="rusInit" href="#"
                   aria-label="Přidat produkt do oblíbených - nutné přihlášení uživatele" style="line-height: 0;"
                   class="toggle_saved_item btn btn_default top_link link_heart " data-idf="product_discounts_134055" data-type="product"
                   data-item="134055"><span>Přidat produkt do oblíbených</span></a>
			</span>
                    </div>
                            </div>
                    
                                            <a data-product-id="134055" href="#5128652" role="button" aria-label="Přidat Pivo Zlatý Bažant do nákupního seznamu" data-shop="5" data-price="15.9" data-product="Pivo Zlatý Bažant" class="btn btn_colored btn_list_add no_login">Přidat</a>
                                    </td>
            </tr>
                        </table>
    
    <div class="discounts_show_all_shops only_discount" data-product="134055" style="display: none;">
        <a role="button" href="#134055" class="purple_link discount_all_shops only_discount">Další obchody (<span>-3</span>)</a>
    </div>
</div>

    <div class="product_price_from">
        od <strong>15,90&nbsp;Kč</strong>
    </div>
                            <div class="clear"></div>
        </div>

        
        
            
                <div class="position_wrap">
                                            <div class="ssp_middle" data-sssp="ssp_middle_txt" data-device="desktop"></div>
            

                </div>

            
        
        
    

    
        <div class="group_discounts active" data-page="3">
            <div class="absolute product_target" id="33293" style="top: -80px;"></div>

            <div class="product_image">
                <a href="/sleva/pivo-svetly-lezak-branik" title="Pivo světlý ležák Braník" aria-hidden="true" tabindex="-1" class="open_detail" class="product_link_history" data-product-id="33293" data-product="pivo-svetly-lezak-branik">
                    <img src="/img/no_img/no_discounts.png"
                         data-src="https://img.kupi.cz/kupi/thumbs/pivo-svetle-lezak-branik_box_120_140.jpg"
                         alt="Pivo světlý ležák Braník">
                </a>
                <span class="label-supplement">ilustrační obrázek</span>
            </div>

            <div class="relative product_discounts">
                <div class="wide left">
                    <div class="relative product_name_around" style="margin-right: 32px;">
                        <div data-product="33293" class="log_product product_name wide">
                            <h2>
                                <a title="Pivo světlý ležák Braník" aria-label="Pivo světlý ležák Braník v akci za 31,90 Kč" href="/sleva/pivo-svetly-lezak-branik" class="product_link_history" data-product="pivo-svetly-lezak-branik">
                                    <strong>Pivo světlý ležák Braník</strong>
                                </a>

                                <span class="nowrap">
                                    
                                                                    </span>
                            </h2>

                            <div class="product_my_leaflet">
                                


    
                                
        
        <div class="save_item_content nologin_save_item  "
             data-idf="product_discounts_33293">
			<span class="link_content">
                
    <span class="spinner-absolute spinner-btn no_content hdn"><span class="js-loader"></span></span>

                <a data-rustmp="1" data-action="click" data-fn="rusInit" href="#"
                   aria-label="Přidat produkt do oblíbených - nutné přihlášení uživatele" style="line-height: 0;"
                   class="toggle_saved_item btn btn_default top_link link_heart " data-idf="product_discounts_33293" data-type="product"
                   data-item="33293"><span>Přidat produkt do oblíbených</span></a>
			</span>
                            <span class="saved_item_text">
                                                            Zapněte si oblíbené a upozorníme vás na novou akci
                                    		    </span>
                    </div>
                                </div>

                                                            <div class="product_amount_list" role="menu">
                                    <a aria-checked="true" aria-label="Filtr balení: zobrazit vše " href="#" role="menuitemradio" data-price="0" class="btn_amount" data-product="33293" data-key="vse">Vše</a>
                                                                            <a aria-checked="false" aria-label="Filtr balení: 0.5 l" href="#" role="menuitemradio" data-price="17,30" class="btn_amount in_active" data-product="33293" data-key="0.5-l">0.5 l</a>
                                                                            <a aria-checked="false" aria-label="Filtr balení: 2 l" href="#" role="menuitemradio" data-price="58,90" class="btn_amount in_active last" data-product="33293" data-key="2-l">2 l</a>
                                                                    </div>
                                                                                        <div id="price_33293" class="avg_price inactive">Běžná cena: <span>17,30</span>&nbsp;Kč</div>
                            
                        </div>
                    </div>
                </div>
            </div>

            <div class="clear"></div>
                                    
    
<div class="relative product_discounts product_discounts_overview" id="product_33293">
    <table class="wide discounts_table">

                            
                        
                                        
            <tr data-product="33293" data-discount="5135522" class="log_discount discount_row only_discount" data-key="2-l" id="discount_5135522">
                <td width="60" class="text-left discounts_shop_image">
                                            <a href="/letaky/albert" class="product_link_history" data-product="pivo-svetly-lezak-branik" title="Albert leták">
                            <img src="https://img.kupi.cz/kupi/thumbs/loga_shopy/albert-supermarket_80.png" alt="Albert leták" width="50">
                        </a>
                                    </td>

                <td class="discounts_shop_info">
                    <span class="discounts_shop_name">
                        <a href="/letaky/albert" class="product_link_history" data-product="pivo-svetly-lezak-branik" title="Albert">
                            <span>
                                                                    Albert
                                                                                                                        supermarket
                                                                                                                                        </span>
                        </a>

                                                                    </span>

                    
                                            <div class="discounts_markets">
                                                            <a href="/obchod/albert/albert-kurim" title="Albert" data-shop="Albert" class="product_link_history" data-product="pivo-svetly-lezak-branik">platí pro 33 nejbližších poboček</a>
                                                    </div>
                                    </td>

                <td class="text-left discounts_price">
                    <span class="discount_price_label">cena</span>
                    <div class="left">
                        <strong class="discount_price_value">31,90&nbsp;Kč</strong>
                    </div>

                                            <div class="discount_amount left">
                            &nbsp;/&nbsp;2 l                        </div>
                    
                                            <div class="discount_percentage">&ndash;46&nbsp;%</div>
                    
                    <div class="clear"></div>

                    <span style="font-size: 12px;">
                                                                                                15,95&nbsp;Kč&nbsp;/&nbsp;1&nbsp;l                                                                                    </span>

                                            <div class="discounts_club">
                            Platí pro členy klubu
                        </div>
                    
                                            <div class="discount_note">
                            pet láhev, platí pouze s mobilní aplikací                        </div>
                                    </td>

                <td class="text-left discounts_validity valid_discount">
                                                                        platí do úterý <span style="white-space: nowrap;">13. 9. </span>
                                                            </td>

                <td class="discounts_list_add">

                                            <div class="add_list_wrap">
                        


    
                                
        
        <div class="save_item_content nologin_save_item icon_only "
             data-idf="product_discounts_33293">
			<span class="link_content">
                
    <span class="spinner-absolute spinner-btn no_content hdn"><span class="js-loader"></span></span>

                <a data-rustmp="1" data-action="click" data-fn="rusInit" href="#"
                   aria-label="Přidat produkt do oblíbených - nutné přihlášení uživatele" style="line-height: 0;"
                   class="toggle_saved_item btn btn_default top_link link_heart " data-idf="product_discounts_33293" data-type="product"
                   data-item="33293"><span>Přidat produkt do oblíbených</span></a>
			</span>
                    </div>
                            </div>
                    
                                            <a data-product-id="33293" href="#5135522" role="button" aria-label="Přidat Pivo světlý ležák Braník do nákupního seznamu" data-shop="3" data-price="31.9" data-product="Pivo světlý ležák Braník" class="btn btn_colored btn_list_add no_login">Přidat</a>
                                    </td>
            </tr>
                    
            
            <tr data-product="33293" data-discount="5135525" class="log_discount discount_row only_discount" data-key="2-l" id="discount_5135525">
                <td width="60" class="text-left discounts_shop_image">
                                            <a href="/letaky/albert" class="product_link_history" data-product="pivo-svetly-lezak-branik" title="Albert leták">
                            <img src="https://img.kupi.cz/kupi/thumbs/loga_shopy/albert-supermarket_80.png" alt="Albert leták" width="50">
                        </a>
                                    </td>

                <td class="discounts_shop_info">
                    <span class="discounts_shop_name">
                        <a href="/letaky/albert" class="product_link_history" data-product="pivo-svetly-lezak-branik" title="Albert">
                            <span>
                                                                    Albert
                                                                                                                        supermarket
                                                                                                                                        </span>
                        </a>

                                                                    </span>

                    
                                            <div class="discounts_markets">
                                                            <a href="/obchod/albert/albert-kurim" title="Albert" data-shop="Albert" class="product_link_history" data-product="pivo-svetly-lezak-branik">platí pro 33 nejbližších poboček</a>
                                                    </div>
                                    </td>

                <td class="text-left discounts_price">
                    <span class="discount_price_label">cena</span>
                    <div class="left">
                        <strong class="discount_price_value">33,90&nbsp;Kč</strong>
                    </div>

                                            <div class="discount_amount left">
                            &nbsp;/&nbsp;2 l                        </div>
                    
                                            <div class="discount_percentage">&ndash;42&nbsp;%</div>
                    
                    <div class="clear"></div>

                    <span style="font-size: 12px;">
                                                                                                16,95&nbsp;Kč&nbsp;/&nbsp;1&nbsp;l                                                                                    </span>

                    
                                            <div class="discount_note">
                            pet láhev                        </div>
                                    </td>

                <td class="text-left discounts_validity valid_discount">
                                                                        platí do úterý <span style="white-space: nowrap;">13. 9. </span>
                                                            </td>

                <td class="discounts_list_add">

                                            <div class="add_list_wrap">
                        


    
                                
        
        <div class="save_item_content nologin_save_item icon_only "
             data-idf="product_discounts_33293">
			<span class="link_content">
                
    <span class="spinner-absolute spinner-btn no_content hdn"><span class="js-loader"></span></span>

                <a data-rustmp="1" data-action="click" data-fn="rusInit" href="#"
                   aria-label="Přidat produkt do oblíbených - nutné přihlášení uživatele" style="line-height: 0;"
                   class="toggle_saved_item btn btn_default top_link link_heart " data-idf="product_discounts_33293" data-type="product"
                   data-item="33293"><span>Přidat produkt do oblíbených</span></a>
			</span>
                    </div>
                            </div>
                    
                                            <a data-product-id="33293" href="#5135525" role="button" aria-label="Přidat Pivo světlý ležák Braník do nákupního seznamu" data-shop="3" data-price="33.9" data-product="Pivo světlý ležák Braník" class="btn btn_colored btn_list_add no_login">Přidat</a>
                                    </td>
            </tr>
                    
                                        
            <tr data-product="33293" data-discount="5143556" class="log_discount discount_row only_discount" data-key="0.5-l" id="discount_5143556">
                <td width="60" class="text-left discounts_shop_image">
                                            <a href="/letaky/globus" class="product_link_history" data-product="pivo-svetly-lezak-branik" title="Globus leták">
                            <img src="https://img.kupi.cz/kupi/thumbs/loga_shopy/globus_80.png" alt="Globus leták" width="50">
                        </a>
                                    </td>

                <td class="discounts_shop_info">
                    <span class="discounts_shop_name">
                        <a href="/letaky/globus" class="product_link_history" data-product="pivo-svetly-lezak-branik" title="Globus">
                            <span>
                                                                    Globus
                                                                                                                                                                            </span>
                        </a>

                                                                    </span>

                    
                                            <div class="discounts_markets">
                                                            <a href="/obchod/globus/globus-brno-ivanovice" title="Globus" data-shop="Globus" class="product_link_history" data-product="pivo-svetly-lezak-branik">platí pro 1 nejbližší pobočku</a>
                                                    </div>
                                    </td>

                <td class="text-left discounts_price">
                    <span class="discount_price_label">cena</span>
                    <div class="left">
                        <strong class="discount_price_value">14,90&nbsp;Kč</strong>
                    </div>

                                            <div class="discount_amount left">
                            &nbsp;/&nbsp;0.5 l                        </div>
                    
                                            <div class="discount_percentage">&ndash;21&nbsp;%</div>
                    
                    <div class="clear"></div>

                    <span style="font-size: 12px;">
                                                                                                29,80&nbsp;Kč&nbsp;/&nbsp;1&nbsp;l                                                                                    </span>

                    
                                            <div class="discount_note">
                            plech                        </div>
                                    </td>

                <td class="text-left discounts_validity valid_discount">
                                                                        platí do středy <span style="white-space: nowrap;">21. 9. </span>
                                                            </td>

                <td class="discounts_list_add">

                                            <div class="add_list_wrap">
                        


    
                                
        
        <div class="save_item_content nologin_save_item icon_only "
             data-idf="product_discounts_33293">
			<span class="link_content">
                
    <span class="spinner-absolute spinner-btn no_content hdn"><span class="js-loader"></span></span>

                <a data-rustmp="1" data-action="click" data-fn="rusInit" href="#"
                   aria-label="Přidat produkt do oblíbených - nutné přihlášení uživatele" style="line-height: 0;"
                   class="toggle_saved_item btn btn_default top_link link_heart " data-idf="product_discounts_33293" data-type="product"
                   data-item="33293"><span>Přidat produkt do oblíbených</span></a>
			</span>
                    </div>
                            </div>
                    
                                            <a data-product-id="33293" href="#5143556" role="button" aria-label="Přidat Pivo světlý ležák Braník do nákupního seznamu" data-shop="27" data-price="14.9" data-product="Pivo světlý ležák Braník" class="btn btn_colored btn_list_add no_login">Přidat</a>
                                    </td>
            </tr>
                        </table>
    
    <div class="discounts_show_all_shops only_discount" data-product="33293" style="display: none;">
        <a role="button" href="#33293" class="purple_link discount_all_shops only_discount">Další obchody (<span>-1</span>)</a>
    </div>
</div>

    <div class="product_price_from">
        od <strong>14,90&nbsp;Kč</strong>
    </div>
                            <div class="clear"></div>
        </div>

        
        
        
    

    
        <div class="group_discounts active" data-page="3">
            <div class="absolute product_target" id="44924" style="top: -80px;"></div>

            <div class="product_image">
                <a href="/sleva/pivo-svetly-lezak-premium-litovel" title="Pivo světlý ležák Premium Litovel" aria-hidden="true" tabindex="-1" class="open_detail" class="product_link_history" data-product-id="44924" data-product="pivo-svetly-lezak-premium-litovel">
                    <img src="/img/no_img/no_discounts.png"
                         data-src="https://img.kupi.cz/kupi/thumbs/pivo-svetly-lezak-premium-litovel_box_120_140.png"
                         alt="Pivo světlý ležák Premium Litovel">
                </a>
                <span class="label-supplement">ilustrační obrázek</span>
            </div>

            <div class="relative product_discounts">
                <div class="wide left">
                    <div class="relative product_name_around" style="margin-right: 32px;">
                        <div data-product="44924" class="log_product product_name wide">
                            <h2>
                                <a title="Pivo světlý ležák Premium Litovel" aria-label="Pivo světlý ležák Premium Litovel v akci za 13,90 Kč" href="/sleva/pivo-svetly-lezak-premium-litovel" class="product_link_history" data-product="pivo-svetly-lezak-premium-litovel">
                                    <strong>Pivo světlý ležák Premium Litovel</strong>
                                </a>

                                <span class="nowrap">
                                                                                                                                                                        <span>0.5 l</span>
                                                                                                                        
                                                                    </span>
                            </h2>

                            <div class="product_my_leaflet">
                                


    
                                
        
        <div class="save_item_content nologin_save_item  "
             data-idf="product_discounts_44924">
			<span class="link_content">
                
    <span class="spinner-absolute spinner-btn no_content hdn"><span class="js-loader"></span></span>

                <a data-rustmp="1" data-action="click" data-fn="rusInit" href="#"
                   aria-label="Přidat produkt do oblíbených - nutné přihlášení uživatele" style="line-height: 0;"
                   class="toggle_saved_item btn btn_default top_link link_heart " data-idf="product_discounts_44924" data-type="product"
                   data-item="44924"><span>Přidat produkt do oblíbených</span></a>
			</span>
                            <span class="saved_item_text">
                                                            Zapněte si oblíbené a upozorníme vás na novou akci
                                    		    </span>
                    </div>
                                </div>

                                                                                        <div id="price_44924" class="avg_price">Běžná cena: <span>17,90</span>&nbsp;Kč</div>
                            
                        </div>
                    </div>
                </div>
            </div>

            <div class="clear"></div>
                                    
    
<div class="relative product_discounts product_discounts_overview" id="product_44924">
    <table class="wide discounts_table">

                            
                        
                                        
            <tr data-product="44924" data-discount="5100004" class="log_discount discount_row only_discount" data-key="0.5-l" id="discount_5100004">
                <td width="60" class="text-left discounts_shop_image">
                                            <a href="/letaky/cba" class="product_link_history" data-product="pivo-svetly-lezak-premium-litovel" title="CBA leták">
                            <img src="https://img.kupi.cz/kupi/thumbs/loga_shopy/cba_80.png" alt="CBA leták" width="50">
                        </a>
                                    </td>

                <td class="discounts_shop_info">
                    <span class="discounts_shop_name">
                        <a href="/letaky/cba" class="product_link_history" data-product="pivo-svetly-lezak-premium-litovel" title="CBA">
                            <span>
                                                                    CBA
                                                                                                                                                                            </span>
                        </a>

                                                                    </span>

                    
                                            <div class="discounts_markets">
                                                            <a href="/obchod/cba/potraviny-4" title="CBA" data-shop="CBA" class="product_link_history" data-product="pivo-svetly-lezak-premium-litovel">platí pro 31 nejbližších poboček</a>
                                                    </div>
                                    </td>

                <td class="text-left discounts_price">
                    <span class="discount_price_label">cena</span>
                    <div class="left">
                        <strong class="discount_price_value">13,90&nbsp;Kč</strong>
                    </div>

                                            <div class="discount_amount left">
                            &nbsp;/&nbsp;0.5 l                        </div>
                    
                    
                    <div class="clear"></div>

                    <span style="font-size: 12px;">
                                                                                                27,80&nbsp;Kč&nbsp;/&nbsp;1&nbsp;l                                                                                    </span>

                    
                                            <div class="discount_note">
                            +3 Kč záloha na láhev, pouze ve vybraných prodejnách                        </div>
                                    </td>

                <td class="text-left discounts_validity valid_discount">
                                                                        dnes končí
                                                            </td>

                <td class="discounts_list_add">

                                            <div class="add_list_wrap">
                        


    
                                
        
        <div class="save_item_content nologin_save_item icon_only "
             data-idf="product_discounts_44924">
			<span class="link_content">
                
    <span class="spinner-absolute spinner-btn no_content hdn"><span class="js-loader"></span></span>

                <a data-rustmp="1" data-action="click" data-fn="rusInit" href="#"
                   aria-label="Přidat produkt do oblíbených - nutné přihlášení uživatele" style="line-height: 0;"
                   class="toggle_saved_item btn btn_default top_link link_heart " data-idf="product_discounts_44924" data-type="product"
                   data-item="44924"><span>Přidat produkt do oblíbených</span></a>
			</span>
                    </div>
                            </div>
                    
                                            <a data-product-id="44924" href="#5100004" role="button" aria-label="Přidat Pivo světlý ležák Premium Litovel do nákupního seznamu" data-shop="257" data-price="13.9" data-product="Pivo světlý ležák Premium Litovel" class="btn btn_colored btn_list_add no_login">Přidat</a>
                                    </td>
            </tr>
                        </table>
    
    <div class="discounts_show_all_shops only_discount" data-product="44924" style="display: none;">
        <a role="button" href="#44924" class="purple_link discount_all_shops only_discount">Další obchody (<span>-3</span>)</a>
    </div>
</div>

    <div class="product_price_from">
        od <strong>13,90&nbsp;Kč</strong>
    </div>
                            <div class="clear"></div>
        </div>

        
        
        
    

    
        <div class="group_discounts active" data-page="3">
            <div class="absolute product_target" id="1416" style="top: -80px;"></div>

            <div class="product_image">
                <a href="/sleva/pivo-svetle-vycepni-10-starocech" title="Pivo světlé výčepní 10° Staročech" aria-hidden="true" tabindex="-1" class="open_detail" class="product_link_history" data-product-id="1416" data-product="pivo-svetle-vycepni-10-starocech">
                    <img src="/img/no_img/no_discounts.png"
                         data-src="https://img.kupi.cz/kupi/thumbs/pivo-svetle-vycepni-10-starocech_box_120_140.png"
                         alt="Pivo světlé výčepní 10° Staročech">
                </a>
                <span class="label-supplement">ilustrační obrázek</span>
            </div>

            <div class="relative product_discounts">
                <div class="wide left">
                    <div class="relative product_name_around" style="margin-right: 32px;">
                        <div data-product="1416" class="log_product product_name wide">
                            <h2>
                                <a title="Pivo světlé výčepní 10° Staročech" aria-label="Pivo světlé výčepní 10° Staročech v akci za 10,90 Kč" href="/sleva/pivo-svetle-vycepni-10-starocech" class="product_link_history" data-product="pivo-svetle-vycepni-10-starocech">
                                    <strong>Pivo světlé výčepní 10° Staročech</strong>
                                </a>

                                <span class="nowrap">
                                                                                                                                                                        <span>0.5 l</span>
                                                                                                                        
                                                                    </span>
                            </h2>

                            <div class="product_my_leaflet">
                                


    
                                
        
        <div class="save_item_content nologin_save_item  "
             data-idf="product_discounts_1416">
			<span class="link_content">
                
    <span class="spinner-absolute spinner-btn no_content hdn"><span class="js-loader"></span></span>

                <a data-rustmp="1" data-action="click" data-fn="rusInit" href="#"
                   aria-label="Přidat produkt do oblíbených - nutné přihlášení uživatele" style="line-height: 0;"
                   class="toggle_saved_item btn btn_default top_link link_heart " data-idf="product_discounts_1416" data-type="product"
                   data-item="1416"><span>Přidat produkt do oblíbených</span></a>
			</span>
                            <span class="saved_item_text">
                                                            Zapněte si oblíbené a upozorníme vás na novou akci
                                    		    </span>
                    </div>
                                </div>

                                                                                        <div id="price_1416" class="avg_price">Běžná cena: <span>11,68</span>&nbsp;Kč</div>
                            
                        </div>
                    </div>
                </div>
            </div>

            <div class="clear"></div>
                                    
    
<div class="relative product_discounts product_discounts_overview" id="product_1416">
    <table class="wide discounts_table">

                            
                        
                                        
            <tr data-product="1416" data-discount="5143835" class="log_discount discount_row only_discount" data-key="0.5-l" id="discount_5143835">
                <td width="60" class="text-left discounts_shop_image">
                                            <a href="/letaky/penny-market" class="product_link_history" data-product="pivo-svetle-vycepni-10-starocech" title="Penny Market leták">
                            <img src="https://img.kupi.cz/kupi/thumbs/loga_shopy/penny-market_80.png" alt="Penny Market leták" width="50">
                        </a>
                                    </td>

                <td class="discounts_shop_info">
                    <span class="discounts_shop_name">
                        <a href="/letaky/penny-market" class="product_link_history" data-product="pivo-svetle-vycepni-10-starocech" title="Penny Market">
                            <span>
                                                                    Penny Market
                                                                                                                                                                            </span>
                        </a>

                                                                    </span>

                    
                                            <div class="discounts_markets">
                                                            <a href="/obchod/penny-market/penny-market-kurim" title="Penny Market" data-shop="Penny Market" class="product_link_history" data-product="pivo-svetle-vycepni-10-starocech">platí pro 21 nejbližších poboček</a>
                                                    </div>
                                    </td>

                <td class="text-left discounts_price">
                    <span class="discount_price_label">cena</span>
                    <div class="left">
                        <strong class="discount_price_value">10,90&nbsp;Kč</strong>
                    </div>

                                            <div class="discount_amount left">
                            &nbsp;/&nbsp;0.5 l                        </div>
                    
                                            <div class="discount_percentage">&ndash;22&nbsp;%</div>
                    
                    <div class="clear"></div>

                    <span style="font-size: 12px;">
                                                                                                21,80&nbsp;Kč&nbsp;/&nbsp;1&nbsp;l                                                                                    </span>

                    
                                            <div class="discount_note">
                            plech                        </div>
                                    </td>

                <td class="text-left discounts_validity valid_discount">
                                                                        platí do středy <span style="white-space: nowrap;">14. 9. </span>
                                                            </td>

                <td class="discounts_list_add">

                                            <div class="add_list_wrap">
                        


    
                                
        
        <div class="save_item_content nologin_save_item icon_only "
             data-idf="product_discounts_1416">
			<span class="link_content">
                
    <span class="spinner-absolute spinner-btn no_content hdn"><span class="js-loader"></span></span>

                <a data-rustmp="1" data-action="click" data-fn="rusInit" href="#"
                   aria-label="Přidat produkt do oblíbených - nutné přihlášení uživatele" style="line-height: 0;"
                   class="toggle_saved_item btn btn_default top_link link_heart " data-idf="product_discounts_1416" data-type="product"
                   data-item="1416"><span>Přidat produkt do oblíbených</span></a>
			</span>
                    </div>
                            </div>
                    
                                            <a data-product-id="1416" href="#5143835" role="button" aria-label="Přidat Pivo světlé výčepní 10° Staročech do nákupního seznamu" data-shop="7" data-price="10.9" data-product="Pivo světlé výčepní 10° Staročech" class="btn btn_colored btn_list_add no_login">Přidat</a>
                                    </td>
            </tr>
                        </table>
    
    <div class="discounts_show_all_shops only_discount" data-product="1416" style="display: none;">
        <a role="button" href="#1416" class="purple_link discount_all_shops only_discount">Další obchody (<span>-3</span>)</a>
    </div>
</div>

    <div class="product_price_from">
        od <strong>10,90&nbsp;Kč</strong>
    </div>
                            <div class="clear"></div>
        </div>

        
        
        
    

    
        <div class="group_discounts active" data-page="3">
            <div class="absolute product_target" id="86755" style="top: -80px;"></div>

            <div class="product_image">
                <a href="/sleva/pivo-svetly-lezak-11-svijansky-maz-svijany-soudek" title="Pivo světlý ležák 11° Svijanský Máz Svijany - soudek" aria-hidden="true" tabindex="-1" class="open_detail" class="product_link_history" data-product-id="86755" data-product="pivo-svetly-lezak-11-svijansky-maz-svijany-soudek">
                    <img src="/img/no_img/no_discounts.png"
                         data-src="https://img.kupi.cz/kupi/thumbs/pivo-svetly-lezak-11-svijansky-maz-svijany-soudek_box_120_140.jpg"
                         alt="Pivo světlý ležák 11° Svijanský Máz Svijany - soudek">
                </a>
                <span class="label-supplement">ilustrační obrázek</span>
            </div>

            <div class="relative product_discounts">
                <div class="wide left">
                    <div class="relative product_name_around" style="margin-right: 32px;">
                        <div data-product="86755" class="log_product product_name wide">
                            <h2>
                                <a title="Pivo světlý ležák 11° Svijanský Máz Svijany - soudek" aria-label="Pivo světlý ležák 11° Svijanský Máz Svijany - soudek v akci za 301,29 Kč" href="/sleva/pivo-svetly-lezak-11-svijansky-maz-svijany-soudek" class="product_link_history" data-product="pivo-svetly-lezak-11-svijansky-maz-svijany-soudek">
                                    <strong>Pivo světlý ležák 11° Svijanský Máz Svijany - soudek</strong>
                                </a>

                                <span class="nowrap">
                                                                                                                                                                        <span>5 l</span>
                                                                                                                        
                                                                    </span>
                            </h2>

                            <div class="product_my_leaflet">
                                


    
                                
        
        <div class="save_item_content nologin_save_item  "
             data-idf="product_discounts_86755">
			<span class="link_content">
                
    <span class="spinner-absolute spinner-btn no_content hdn"><span class="js-loader"></span></span>

                <a data-rustmp="1" data-action="click" data-fn="rusInit" href="#"
                   aria-label="Přidat produkt do oblíbených - nutné přihlášení uživatele" style="line-height: 0;"
                   class="toggle_saved_item btn btn_default top_link link_heart " data-idf="product_discounts_86755" data-type="product"
                   data-item="86755"><span>Přidat produkt do oblíbených</span></a>
			</span>
                            <span class="saved_item_text">
                                                            Zapněte si oblíbené a upozorníme vás na novou akci
                                    		    </span>
                    </div>
                                </div>

                                                                                        <div id="price_86755" class="avg_price inactive">Běžná cena: <span>0,00</span>&nbsp;Kč</div>
                            
                        </div>
                    </div>
                </div>
            </div>

            <div class="clear"></div>
                                    
    
<div class="relative product_discounts product_discounts_overview" id="product_86755">
    <table class="wide discounts_table">

                            
                        
                                        
            <tr data-product="86755" data-discount="5118545" class="log_discount discount_row only_discount" data-key="5-l" id="discount_5118545">
                <td width="60" class="text-left discounts_shop_image">
                                            <a href="/letaky/makro" class="product_link_history" data-product="pivo-svetly-lezak-11-svijansky-maz-svijany-soudek" title="Makro leták">
                            <img src="https://img.kupi.cz/kupi/thumbs/loga_shopy/makro_80.png" alt="Makro leták" width="50">
                        </a>
                                    </td>

                <td class="discounts_shop_info">
                    <span class="discounts_shop_name">
                        <a href="/letaky/makro" class="product_link_history" data-product="pivo-svetly-lezak-11-svijansky-maz-svijany-soudek" title="Makro">
                            <span>
                                                                    Makro
                                                                                                                                                                            </span>
                        </a>

                                                                    </span>

                    
                                            <div class="discounts_markets">
                                                            <a href="/obchod/makro/makro-brno-turany" title="Makro" data-shop="Makro" class="product_link_history" data-product="pivo-svetly-lezak-11-svijansky-maz-svijany-soudek">platí pro 1 nejbližší pobočku</a>
                                                    </div>
                                    </td>

                <td class="text-left discounts_price">
                    <span class="discount_price_label">cena</span>
                    <div class="left">
                        <strong class="discount_price_value">301,29&nbsp;Kč</strong>
                    </div>

                                            <div class="discount_amount left">
                            &nbsp;/&nbsp;5 l                        </div>
                    
                    
                    <div class="clear"></div>

                    <span style="font-size: 12px;">
                                                                                                60,26&nbsp;Kč&nbsp;/&nbsp;1&nbsp;l                                                                                    </span>

                    
                                    </td>

                <td class="text-left discounts_validity valid_discount">
                                                                        platí do úterý <span style="white-space: nowrap;">13. 9. </span>
                                                            </td>

                <td class="discounts_list_add">

                                            <div class="add_list_wrap">
                        


    
                                
        
        <div class="save_item_content nologin_save_item icon_only "
             data-idf="product_discounts_86755">
			<span class="link_content">
                
    <span class="spinner-absolute spinner-btn no_content hdn"><span class="js-loader"></span></span>

                <a data-rustmp="1" data-action="click" data-fn="rusInit" href="#"
                   aria-label="Přidat produkt do oblíbených - nutné přihlášení uživatele" style="line-height: 0;"
                   class="toggle_saved_item btn btn_default top_link link_heart " data-idf="product_discounts_86755" data-type="product"
                   data-item="86755"><span>Přidat produkt do oblíbených</span></a>
			</span>
                    </div>
                            </div>
                    
                                            <a data-product-id="86755" href="#5118545" role="button" aria-label="Přidat Pivo světlý ležák 11° Svijanský Máz Svijany - soudek do nákupního seznamu" data-shop="20" data-price="301.29" data-product="Pivo světlý ležák 11° Svijanský Máz Svijany - soudek" class="btn btn_colored btn_list_add no_login">Přidat</a>
                                    </td>
            </tr>
                        </table>
    
    <div class="discounts_show_all_shops only_discount" data-product="86755" style="display: none;">
        <a role="button" href="#86755" class="purple_link discount_all_shops only_discount">Další obchody (<span>-3</span>)</a>
    </div>
</div>

    <div class="product_price_from">
        od <strong>301,29&nbsp;Kč</strong>
    </div>
                            <div class="clear"></div>
        </div>

        
        
        
    

    
        <div class="group_discounts active" data-page="3">
            <div class="absolute product_target" id="6549" style="top: -80px;"></div>

            <div class="product_image">
                <a href="/sleva/pivo-svetly-lezak-11-samson" title="Pivo světlý ležák 11° Samson" aria-hidden="true" tabindex="-1" class="open_detail" class="product_link_history" data-product-id="6549" data-product="pivo-svetly-lezak-11-samson">
                    <img src="/img/no_img/no_discounts.png"
                         data-src="https://img.kupi.cz/kupi/thumbs/pivo-samson-11_box_120_140.jpg"
                         alt="Pivo světlý ležák 11° Samson">
                </a>
                <span class="label-supplement">ilustrační obrázek</span>
            </div>

            <div class="relative product_discounts">
                <div class="wide left">
                    <div class="relative product_name_around" style="margin-right: 32px;">
                        <div data-product="6549" class="log_product product_name wide">
                            <h2>
                                <a title="Pivo světlý ležák 11° Samson" aria-label="Pivo světlý ležák 11° Samson v akci za 11,90 Kč" href="/sleva/pivo-svetly-lezak-11-samson" class="product_link_history" data-product="pivo-svetly-lezak-11-samson">
                                    <strong>Pivo světlý ležák 11° Samson</strong>
                                </a>

                                <span class="nowrap">
                                                                                                                                                                        <span>0.5 l</span>
                                                                                                                        
                                                                    </span>
                            </h2>

                            <div class="product_my_leaflet">
                                


    
                                
        
        <div class="save_item_content nologin_save_item  "
             data-idf="product_discounts_6549">
			<span class="link_content">
                
    <span class="spinner-absolute spinner-btn no_content hdn"><span class="js-loader"></span></span>

                <a data-rustmp="1" data-action="click" data-fn="rusInit" href="#"
                   aria-label="Přidat produkt do oblíbených - nutné přihlášení uživatele" style="line-height: 0;"
                   class="toggle_saved_item btn btn_default top_link link_heart " data-idf="product_discounts_6549" data-type="product"
                   data-item="6549"><span>Přidat produkt do oblíbených</span></a>
			</span>
                            <span class="saved_item_text">
                                                            Zapněte si oblíbené a upozorníme vás na novou akci
                                    		    </span>
                    </div>
                                </div>

                                                                                        <div id="price_6549" class="avg_price">Běžná cena: <span>14,57</span>&nbsp;Kč</div>
                            
                        </div>
                    </div>
                </div>
            </div>

            <div class="clear"></div>
                                    
    
<div class="relative product_discounts product_discounts_overview" id="product_6549">
    <table class="wide discounts_table">

                            
                        
                                        
            <tr data-product="6549" data-discount="5127455" class="log_discount discount_row only_discount" data-key="0.5-l" id="discount_5127455">
                <td width="60" class="text-left discounts_shop_image">
                                            <a href="/letaky/flop" class="product_link_history" data-product="pivo-svetly-lezak-11-samson" title="FLOP leták">
                            <img src="https://img.kupi.cz/kupi/thumbs/loga_shopy/type-flop_80.png" alt="FLOP leták" width="50">
                        </a>
                                    </td>

                <td class="discounts_shop_info">
                    <span class="discounts_shop_name">
                        <a href="/letaky/flop" class="product_link_history" data-product="pivo-svetly-lezak-11-samson" title="FLOP">
                            <span>
                                                                    FLOP                                                            </span>
                        </a>

                                                                    </span>

                    
                                            <div class="discounts_markets">
                                                            <a href="/obchod/flop/flop-kurim" title="FLOP" data-shop="FLOP" class="product_link_history" data-product="pivo-svetly-lezak-11-samson">platí pro 7 nejbližších poboček</a>
                                                    </div>
                                    </td>

                <td class="text-left discounts_price">
                    <span class="discount_price_label">cena</span>
                    <div class="left">
                        <strong class="discount_price_value">11,90&nbsp;Kč</strong>
                    </div>

                                            <div class="discount_amount left">
                            &nbsp;/&nbsp;0.5 l                        </div>
                    
                    
                    <div class="clear"></div>

                    <span style="font-size: 12px;">
                                                                                                23,80&nbsp;Kč&nbsp;/&nbsp;1&nbsp;l                                                                                    </span>

                    
                                            <div class="discount_note">
                            +3 Kč záloha na láhev                        </div>
                                    </td>

                <td class="text-left discounts_validity valid_discount">
                                                                        dnes končí
                                                            </td>

                <td class="discounts_list_add">

                                            <div class="add_list_wrap">
                        


    
                                
        
        <div class="save_item_content nologin_save_item icon_only "
             data-idf="product_discounts_6549">
			<span class="link_content">
                
    <span class="spinner-absolute spinner-btn no_content hdn"><span class="js-loader"></span></span>

                <a data-rustmp="1" data-action="click" data-fn="rusInit" href="#"
                   aria-label="Přidat produkt do oblíbených - nutné přihlášení uživatele" style="line-height: 0;"
                   class="toggle_saved_item btn btn_default top_link link_heart " data-idf="product_discounts_6549" data-type="product"
                   data-item="6549"><span>Přidat produkt do oblíbených</span></a>
			</span>
                    </div>
                            </div>
                    
                                            <a data-product-id="6549" href="#5127455" role="button" aria-label="Přidat Pivo světlý ležák 11° Samson do nákupního seznamu" data-shop="235" data-price="11.9" data-product="Pivo světlý ležák 11° Samson" class="btn btn_colored btn_list_add no_login">Přidat</a>
                                    </td>
            </tr>
                        </table>
    
    <div class="discounts_show_all_shops only_discount" data-product="6549" style="display: none;">
        <a role="button" href="#6549" class="purple_link discount_all_shops only_discount">Další obchody (<span>-3</span>)</a>
    </div>
</div>

    <div class="product_price_from">
        od <strong>11,90&nbsp;Kč</strong>
    </div>
                            <div class="clear"></div>
        </div>

        
        
        
    

    
        <div class="group_discounts active" data-page="3">
            <div class="absolute product_target" id="354025" style="top: -80px;"></div>

            <div class="product_image">
                <a href="/sleva/pivo-nealkoholicke-kralovsky-horke-krusovice" title="Pivo nealkoholické Královsky hořké Krušovice" aria-hidden="true" tabindex="-1" class="open_detail" class="product_link_history" data-product-id="354025" data-product="pivo-nealkoholicke-kralovsky-horke-krusovice">
                    <img src="/img/no_img/no_discounts.png"
                         data-src="https://img.kupi.cz/kupi/thumbs/pivo-nealkoholicke-kralovsky-horke-krusovice_box_120_140.jpg"
                         alt="Pivo nealkoholické Královsky hořké Krušovice">
                </a>
                <span class="label-supplement">ilustrační obrázek</span>
            </div>

            <div class="relative product_discounts">
                <div class="wide left">
                    <div class="relative product_name_around" style="margin-right: 32px;">
                        <div data-product="354025" class="log_product product_name wide">
                            <h2>
                                <a title="Pivo nealkoholické Královsky hořké Krušovice" aria-label="Pivo nealkoholické Královsky hořké Krušovice v akci za 11,90 Kč" href="/sleva/pivo-nealkoholicke-kralovsky-horke-krusovice" class="product_link_history" data-product="pivo-nealkoholicke-kralovsky-horke-krusovice">
                                    <strong>Pivo nealkoholické Královsky hořké Krušovice</strong>
                                </a>

                                <span class="nowrap">
                                                                                                                                                                        <span>0.5 l</span>
                                                                                                                        
                                                                    </span>
                            </h2>

                            <div class="product_my_leaflet">
                                


    
                                
        
        <div class="save_item_content nologin_save_item  "
             data-idf="product_discounts_354025">
			<span class="link_content">
                
    <span class="spinner-absolute spinner-btn no_content hdn"><span class="js-loader"></span></span>

                <a data-rustmp="1" data-action="click" data-fn="rusInit" href="#"
                   aria-label="Přidat produkt do oblíbených - nutné přihlášení uživatele" style="line-height: 0;"
                   class="toggle_saved_item btn btn_default top_link link_heart " data-idf="product_discounts_354025" data-type="product"
                   data-item="354025"><span>Přidat produkt do oblíbených</span></a>
			</span>
                            <span class="saved_item_text">
                                                            Zapněte si oblíbené a upozorníme vás na novou akci
                                    		    </span>
                    </div>
                                </div>

                                                                                        <div id="price_354025" class="avg_price">Běžná cena: <span>16,95</span>&nbsp;Kč</div>
                            
                        </div>
                    </div>
                </div>
            </div>

            <div class="clear"></div>
                                    
    
<div class="relative product_discounts product_discounts_overview" id="product_354025">
    <table class="wide discounts_table">

                            
                        
                                        
            <tr data-product="354025" data-discount="5111170" class="log_discount discount_row only_discount" data-key="0.5-l" id="discount_5111170">
                <td width="60" class="text-left discounts_shop_image">
                                            <a href="/letaky/jip" class="product_link_history" data-product="pivo-nealkoholicke-kralovsky-horke-krusovice" title="JIP leták">
                            <img src="https://img.kupi.cz/kupi/thumbs/loga_shopy/jip-1_80.png" alt="JIP leták" width="50">
                        </a>
                                    </td>

                <td class="discounts_shop_info">
                    <span class="discounts_shop_name">
                        <a href="/letaky/jip" class="product_link_history" data-product="pivo-nealkoholicke-kralovsky-horke-krusovice" title="JIP">
                            <span>
                                                                    JIP
                                                                                                                                                                            </span>
                        </a>

                                                                    </span>

                    
                                            <div class="discounts_markets">
                                                            <a href="/obchod/jip/jip-brno-herspicka" title="JIP" data-shop="JIP" class="product_link_history" data-product="pivo-nealkoholicke-kralovsky-horke-krusovice">platí pro 1 nejbližší pobočku</a>
                                                    </div>
                                    </td>

                <td class="text-left discounts_price">
                    <span class="discount_price_label">cena</span>
                    <div class="left">
                        <strong class="discount_price_value">11,90&nbsp;Kč</strong>
                    </div>

                                            <div class="discount_amount left">
                            &nbsp;/&nbsp;0.5 l                        </div>
                    
                    
                    <div class="clear"></div>

                    <span style="font-size: 12px;">
                                                                                                23,80&nbsp;Kč&nbsp;/&nbsp;1&nbsp;l                                                                                    </span>

                    
                                            <div class="discount_note">
                            plech                        </div>
                                    </td>

                <td class="text-left discounts_validity valid_discount">
                                                                        zítra končí
                                                            </td>

                <td class="discounts_list_add">

                                            <div class="add_list_wrap">
                        


    
                                
        
        <div class="save_item_content nologin_save_item icon_only "
             data-idf="product_discounts_354025">
			<span class="link_content">
                
    <span class="spinner-absolute spinner-btn no_content hdn"><span class="js-loader"></span></span>

                <a data-rustmp="1" data-action="click" data-fn="rusInit" href="#"
                   aria-label="Přidat produkt do oblíbených - nutné přihlášení uživatele" style="line-height: 0;"
                   class="toggle_saved_item btn btn_default top_link link_heart " data-idf="product_discounts_354025" data-type="product"
                   data-item="354025"><span>Přidat produkt do oblíbených</span></a>
			</span>
                    </div>
                            </div>
                    
                                            <a data-product-id="354025" href="#5111170" role="button" aria-label="Přidat Pivo nealkoholické Královsky hořké Krušovice do nákupního seznamu" data-shop="271" data-price="11.9" data-product="Pivo nealkoholické Královsky hořké Krušovice" class="btn btn_colored btn_list_add no_login">Přidat</a>
                                    </td>
            </tr>
                        </table>
    
    <div class="discounts_show_all_shops only_discount" data-product="354025" style="display: none;">
        <a role="button" href="#354025" class="purple_link discount_all_shops only_discount">Další obchody (<span>-3</span>)</a>
    </div>
</div>

    <div class="product_price_from">
        od <strong>11,90&nbsp;Kč</strong>
    </div>
                            <div class="clear"></div>
        </div>

        
        
        
    

    
        <div class="group_discounts active" data-page="3">
            <div class="absolute product_target" id="10200" style="top: -80px;"></div>

            <div class="product_image">
                <a href="/sleva/pivo-svetly-lezak-12-premium-bohemia-regent" title="Pivo světlý ležák 12° Premium Bohemia Regent" aria-hidden="true" tabindex="-1" class="open_detail" class="product_link_history" data-product-id="10200" data-product="pivo-svetly-lezak-12-premium-bohemia-regent">
                    <img src="/img/no_img/no_discounts.png"
                         data-src="https://img.kupi.cz/kupi/thumbs/pivo-svetly-lezak-12-premium-bohemia-regent_box_120_140.jpg"
                         alt="Pivo světlý ležák 12° Premium Bohemia Regent">
                </a>
                <span class="label-supplement">ilustrační obrázek</span>
            </div>

            <div class="relative product_discounts">
                <div class="wide left">
                    <div class="relative product_name_around" style="margin-right: 32px;">
                        <div data-product="10200" class="log_product product_name wide">
                            <h2>
                                <a title="Pivo světlý ležák 12° Premium Bohemia Regent" aria-label="Pivo světlý ležák 12° Premium Bohemia Regent v akci za 12,90 Kč" href="/sleva/pivo-svetly-lezak-12-premium-bohemia-regent" class="product_link_history" data-product="pivo-svetly-lezak-12-premium-bohemia-regent">
                                    <strong>Pivo světlý ležák 12° Premium Bohemia Regent</strong>
                                </a>

                                <span class="nowrap">
                                                                                                                                                                        <span>0.5 l</span>
                                                                                                                        
                                                                    </span>
                            </h2>

                            <div class="product_my_leaflet">
                                


    
                                
        
        <div class="save_item_content nologin_save_item  "
             data-idf="product_discounts_10200">
			<span class="link_content">
                
    <span class="spinner-absolute spinner-btn no_content hdn"><span class="js-loader"></span></span>

                <a data-rustmp="1" data-action="click" data-fn="rusInit" href="#"
                   aria-label="Přidat produkt do oblíbených - nutné přihlášení uživatele" style="line-height: 0;"
                   class="toggle_saved_item btn btn_default top_link link_heart " data-idf="product_discounts_10200" data-type="product"
                   data-item="10200"><span>Přidat produkt do oblíbených</span></a>
			</span>
                            <span class="saved_item_text">
                                                            Zapněte si oblíbené a upozorníme vás na novou akci
                                    		    </span>
                    </div>
                                </div>

                                                                                        <div id="price_10200" class="avg_price">Běžná cena: <span>14,90</span>&nbsp;Kč</div>
                            
                        </div>
                    </div>
                </div>
            </div>

            <div class="clear"></div>
                                    
    
<div class="relative product_discounts product_discounts_overview" id="product_10200">
    <table class="wide discounts_table">

                            
                        
                                        
            <tr data-product="10200" data-discount="5109892" class="log_discount discount_row only_discount" data-key="0.5-l" id="discount_5109892">
                <td width="60" class="text-left discounts_shop_image">
                                            <a href="/letaky/flop" class="product_link_history" data-product="pivo-svetly-lezak-12-premium-bohemia-regent" title="FLOP leták">
                            <img src="https://img.kupi.cz/kupi/thumbs/loga_shopy/type-flop_80.png" alt="FLOP leták" width="50">
                        </a>
                                    </td>

                <td class="discounts_shop_info">
                    <span class="discounts_shop_name">
                        <a href="/letaky/flop" class="product_link_history" data-product="pivo-svetly-lezak-12-premium-bohemia-regent" title="FLOP">
                            <span>
                                                                    FLOP                                                            </span>
                        </a>

                                                                    </span>

                    
                                            <div class="discounts_markets">
                                                            <a href="/obchod/flop/flop-kurim" title="FLOP" data-shop="FLOP" class="product_link_history" data-product="pivo-svetly-lezak-12-premium-bohemia-regent">platí pro 7 nejbližších poboček</a>
                                                    </div>
                                    </td>

                <td class="text-left discounts_price">
                    <span class="discount_price_label">cena</span>
                    <div class="left">
                        <strong class="discount_price_value">12,90&nbsp;Kč</strong>
                    </div>

                                            <div class="discount_amount left">
                            &nbsp;/&nbsp;0.5 l                        </div>
                    
                    
                    <div class="clear"></div>

                    <span style="font-size: 12px;">
                                                                                                25,80&nbsp;Kč&nbsp;/&nbsp;1&nbsp;l                                                                                    </span>

                    
                                            <div class="discount_note">
                            +3 Kč záloha na láhev                        </div>
                                    </td>

                <td class="text-left discounts_validity valid_discount">
                                                                        dnes končí
                                                            </td>

                <td class="discounts_list_add">

                                            <div class="add_list_wrap">
                        


    
                                
        
        <div class="save_item_content nologin_save_item icon_only "
             data-idf="product_discounts_10200">
			<span class="link_content">
                
    <span class="spinner-absolute spinner-btn no_content hdn"><span class="js-loader"></span></span>

                <a data-rustmp="1" data-action="click" data-fn="rusInit" href="#"
                   aria-label="Přidat produkt do oblíbených - nutné přihlášení uživatele" style="line-height: 0;"
                   class="toggle_saved_item btn btn_default top_link link_heart " data-idf="product_discounts_10200" data-type="product"
                   data-item="10200"><span>Přidat produkt do oblíbených</span></a>
			</span>
                    </div>
                            </div>
                    
                                            <a data-product-id="10200" href="#5109892" role="button" aria-label="Přidat Pivo světlý ležák 12° Premium Bohemia Regent do nákupního seznamu" data-shop="235" data-price="12.9" data-product="Pivo světlý ležák 12° Premium Bohemia Regent" class="btn btn_colored btn_list_add no_login">Přidat</a>
                                    </td>
            </tr>
                        </table>
    
    <div class="discounts_show_all_shops only_discount" data-product="10200" style="display: none;">
        <a role="button" href="#10200" class="purple_link discount_all_shops only_discount">Další obchody (<span>-3</span>)</a>
    </div>
</div>

    <div class="product_price_from">
        od <strong>12,90&nbsp;Kč</strong>
    </div>
                            <div class="clear"></div>
        </div>

        
        
        
    

    
        <div class="group_discounts active" data-page="3">
            <div class="absolute product_target" id="9303" style="top: -80px;"></div>

            <div class="product_image">
                <a href="/sleva/pivo-svetly-lezak-12-premium-pivovar-zubr" title="Pivo světlý ležák 12° Premium Pivovar Zubr" aria-hidden="true" tabindex="-1" class="open_detail" class="product_link_history" data-product-id="9303" data-product="pivo-svetly-lezak-12-premium-pivovar-zubr">
                    <img src="/img/no_img/no_discounts.png"
                         data-src="https://img.kupi.cz/kupi/thumbs/pivo-svetly-lezak-12-premium-pivovar-zubr_box_120_140.png"
                         alt="Pivo světlý ležák 12° Premium Pivovar Zubr">
                </a>
                <span class="label-supplement">ilustrační obrázek</span>
            </div>

            <div class="relative product_discounts">
                <div class="wide left">
                    <div class="relative product_name_around" style="margin-right: 32px;">
                        <div data-product="9303" class="log_product product_name wide">
                            <h2>
                                <a title="Pivo světlý ležák 12° Premium Pivovar Zubr" aria-label="Pivo světlý ležák 12° Premium Pivovar Zubr v akci za 13,90 Kč" href="/sleva/pivo-svetly-lezak-12-premium-pivovar-zubr" class="product_link_history" data-product="pivo-svetly-lezak-12-premium-pivovar-zubr">
                                    <strong>Pivo světlý ležák 12° Premium Pivovar Zubr</strong>
                                </a>

                                <span class="nowrap">
                                                                                                                                                                        <span>0.5 l</span>
                                                                                                                        
                                                                    </span>
                            </h2>

                            <div class="product_my_leaflet">
                                


    
                                
        
        <div class="save_item_content nologin_save_item  "
             data-idf="product_discounts_9303">
			<span class="link_content">
                
    <span class="spinner-absolute spinner-btn no_content hdn"><span class="js-loader"></span></span>

                <a data-rustmp="1" data-action="click" data-fn="rusInit" href="#"
                   aria-label="Přidat produkt do oblíbených - nutné přihlášení uživatele" style="line-height: 0;"
                   class="toggle_saved_item btn btn_default top_link link_heart " data-idf="product_discounts_9303" data-type="product"
                   data-item="9303"><span>Přidat produkt do oblíbených</span></a>
			</span>
                            <span class="saved_item_text">
                                                            Zapněte si oblíbené a upozorníme vás na novou akci
                                    		    </span>
                    </div>
                                </div>

                                                                                        <div id="price_9303" class="avg_price inactive">Běžná cena: <span>0,00</span>&nbsp;Kč</div>
                            
                        </div>
                    </div>
                </div>
            </div>

            <div class="clear"></div>
                                    
    
<div class="relative product_discounts product_discounts_overview" id="product_9303">
    <table class="wide discounts_table">

                            
                        
                                        
            <tr data-product="9303" data-discount="5100010" class="log_discount discount_row only_discount" data-key="0.5-l" id="discount_5100010">
                <td width="60" class="text-left discounts_shop_image">
                                            <a href="/letaky/cba" class="product_link_history" data-product="pivo-svetly-lezak-12-premium-pivovar-zubr" title="CBA leták">
                            <img src="https://img.kupi.cz/kupi/thumbs/loga_shopy/cba_80.png" alt="CBA leták" width="50">
                        </a>
                                    </td>

                <td class="discounts_shop_info">
                    <span class="discounts_shop_name">
                        <a href="/letaky/cba" class="product_link_history" data-product="pivo-svetly-lezak-12-premium-pivovar-zubr" title="CBA">
                            <span>
                                                                    CBA
                                                                                                                                                                            </span>
                        </a>

                                                                    </span>

                    
                                            <div class="discounts_markets">
                                                            <a href="/obchod/cba/potraviny-4" title="CBA" data-shop="CBA" class="product_link_history" data-product="pivo-svetly-lezak-12-premium-pivovar-zubr">platí pro 31 nejbližších poboček</a>
                                                    </div>
                                    </td>

                <td class="text-left discounts_price">
                    <span class="discount_price_label">cena</span>
                    <div class="left">
                        <strong class="discount_price_value">13,90&nbsp;Kč</strong>
                    </div>

                                            <div class="discount_amount left">
                            &nbsp;/&nbsp;0.5 l                        </div>
                    
                    
                    <div class="clear"></div>

                    <span style="font-size: 12px;">
                                                                                                27,80&nbsp;Kč&nbsp;/&nbsp;1&nbsp;l                                                                                    </span>

                    
                                            <div class="discount_note">
                            +3 Kč záloha na láhev, pouze ve vybraných prodejnách                        </div>
                                    </td>

                <td class="text-left discounts_validity valid_discount">
                                                                        dnes končí
                                                            </td>

                <td class="discounts_list_add">

                                            <div class="add_list_wrap">
                        


    
                                
        
        <div class="save_item_content nologin_save_item icon_only "
             data-idf="product_discounts_9303">
			<span class="link_content">
                
    <span class="spinner-absolute spinner-btn no_content hdn"><span class="js-loader"></span></span>

                <a data-rustmp="1" data-action="click" data-fn="rusInit" href="#"
                   aria-label="Přidat produkt do oblíbených - nutné přihlášení uživatele" style="line-height: 0;"
                   class="toggle_saved_item btn btn_default top_link link_heart " data-idf="product_discounts_9303" data-type="product"
                   data-item="9303"><span>Přidat produkt do oblíbených</span></a>
			</span>
                    </div>
                            </div>
                    
                                            <a data-product-id="9303" href="#5100010" role="button" aria-label="Přidat Pivo světlý ležák 12° Premium Pivovar Zubr do nákupního seznamu" data-shop="257" data-price="13.9" data-product="Pivo světlý ležák 12° Premium Pivovar Zubr" class="btn btn_colored btn_list_add no_login">Přidat</a>
                                    </td>
            </tr>
                        </table>
    
    <div class="discounts_show_all_shops only_discount" data-product="9303" style="display: none;">
        <a role="button" href="#9303" class="purple_link discount_all_shops only_discount">Další obchody (<span>-3</span>)</a>
    </div>
</div>

    <div class="product_price_from">
        od <strong>13,90&nbsp;Kč</strong>
    </div>
                            <div class="clear"></div>
        </div>

        
        
        
    

    
        <div class="group_discounts active" data-page="3">
            <div class="absolute product_target" id="104854" style="top: -80px;"></div>

            <div class="product_image">
                <a href="/sleva/pivo-guinness-draught" title="Pivo Guinness Draught" aria-hidden="true" tabindex="-1" class="open_detail" class="product_link_history" data-product-id="104854" data-product="pivo-guinness-draught">
                    <img src="/img/no_img/no_discounts.png"
                         data-src="https://img.kupi.cz/kupi/thumbs/pivo-guinness-draught_box_120_140.jpg"
                         alt="Pivo Guinness Draught">
                </a>
                <span class="label-supplement">ilustrační obrázek</span>
            </div>

            <div class="relative product_discounts">
                <div class="wide left">
                    <div class="relative product_name_around" style="margin-right: 32px;">
                        <div data-product="104854" class="log_product product_name wide">
                            <h2>
                                <a title="Pivo Guinness Draught" aria-label="Pivo Guinness Draught v akci za 39,90 Kč" href="/sleva/pivo-guinness-draught" class="product_link_history" data-product="pivo-guinness-draught">
                                    <strong>Pivo Guinness Draught</strong>
                                </a>

                                <span class="nowrap">
                                                                                                                                                                        <span>0.44 l</span>
                                                                                                                        
                                                                    </span>
                            </h2>

                            <div class="product_my_leaflet">
                                


    
                                
        
        <div class="save_item_content nologin_save_item  "
             data-idf="product_discounts_104854">
			<span class="link_content">
                
    <span class="spinner-absolute spinner-btn no_content hdn"><span class="js-loader"></span></span>

                <a data-rustmp="1" data-action="click" data-fn="rusInit" href="#"
                   aria-label="Přidat produkt do oblíbených - nutné přihlášení uživatele" style="line-height: 0;"
                   class="toggle_saved_item btn btn_default top_link link_heart " data-idf="product_discounts_104854" data-type="product"
                   data-item="104854"><span>Přidat produkt do oblíbených</span></a>
			</span>
                            <span class="saved_item_text">
                                                            Zapněte si oblíbené a upozorníme vás na novou akci
                                    		    </span>
                    </div>
                                </div>

                                                                                        <div id="price_104854" class="avg_price">Běžná cena: <span>59,90</span>&nbsp;Kč</div>
                            
                        </div>
                    </div>
                </div>
            </div>

            <div class="clear"></div>
                                    
    
<div class="relative product_discounts product_discounts_overview" id="product_104854">
    <table class="wide discounts_table">

                            
                        
                                        
            <tr data-product="104854" data-discount="5128598" class="log_discount discount_row only_discount" data-key="0.44-l" id="discount_5128598">
                <td width="60" class="text-left discounts_shop_image">
                                            <a href="/letaky/billa" class="product_link_history" data-product="pivo-guinness-draught" title="BILLA leták">
                            <img src="https://img.kupi.cz/kupi/thumbs/loga_shopy/billa_80.png" alt="BILLA leták" width="50">
                        </a>
                                    </td>

                <td class="discounts_shop_info">
                    <span class="discounts_shop_name">
                        <a href="/letaky/billa" class="product_link_history" data-product="pivo-guinness-draught" title="BILLA">
                            <span>
                                                                    BILLA
                                                                                                                                                                            </span>
                        </a>

                                                                    </span>

                    
                                            <div class="discounts_markets">
                                                            <a href="/obchod/billa/billa-brno-podperova" title="BILLA" data-shop="BILLA" class="product_link_history" data-product="pivo-guinness-draught">platí pro 14 nejbližších poboček</a>
                                                    </div>
                                    </td>

                <td class="text-left discounts_price">
                    <span class="discount_price_label">cena</span>
                    <div class="left">
                        <strong class="discount_price_value">39,90&nbsp;Kč</strong>
                    </div>

                                            <div class="discount_amount left">
                            &nbsp;/&nbsp;0.44 l                        </div>
                    
                    
                    <div class="clear"></div>

                    <span style="font-size: 12px;">
                                                                                                90,68&nbsp;Kč&nbsp;/&nbsp;1&nbsp;l                                                                                    </span>

                    
                                            <div class="discount_note">
                            plech                        </div>
                                    </td>

                <td class="text-left discounts_validity valid_discount">
                                                                        platí do neděle <span style="white-space: nowrap;">25. 9. </span>
                                                            </td>

                <td class="discounts_list_add">

                                            <div class="add_list_wrap">
                        


    
                                
        
        <div class="save_item_content nologin_save_item icon_only "
             data-idf="product_discounts_104854">
			<span class="link_content">
                
    <span class="spinner-absolute spinner-btn no_content hdn"><span class="js-loader"></span></span>

                <a data-rustmp="1" data-action="click" data-fn="rusInit" href="#"
                   aria-label="Přidat produkt do oblíbených - nutné přihlášení uživatele" style="line-height: 0;"
                   class="toggle_saved_item btn btn_default top_link link_heart " data-idf="product_discounts_104854" data-type="product"
                   data-item="104854"><span>Přidat produkt do oblíbených</span></a>
			</span>
                    </div>
                            </div>
                    
                                            <a data-product-id="104854" href="#5128598" role="button" aria-label="Přidat Pivo Guinness Draught do nákupního seznamu" data-shop="5" data-price="39.9" data-product="Pivo Guinness Draught" class="btn btn_colored btn_list_add no_login">Přidat</a>
                                    </td>
            </tr>
                        </table>
    
    <div class="discounts_show_all_shops only_discount" data-product="104854" style="display: none;">
        <a role="button" href="#104854" class="purple_link discount_all_shops only_discount">Další obchody (<span>-3</span>)</a>
    </div>
</div>

    <div class="product_price_from">
        od <strong>39,90&nbsp;Kč</strong>
    </div>
                            <div class="clear"></div>
        </div>

        
        
        
    

    
        <div class="group_discounts active" data-page="3">
            <div class="absolute product_target" id="6541" style="top: -80px;"></div>

            <div class="product_image">
                <a href="/sleva/pivo-svetle-vycepni-10-classic-pivovar-zubr" title="Pivo světlé výčepní 10° Classic Pivovar Zubr" aria-hidden="true" tabindex="-1" class="open_detail" class="product_link_history" data-product-id="6541" data-product="pivo-svetle-vycepni-10-classic-pivovar-zubr">
                    <img src="/img/no_img/no_discounts.png"
                         data-src="https://img.kupi.cz/kupi/thumbs/pivo-svetle-vycepni-10-classic-pivovar-zubr_box_120_140.png"
                         alt="Pivo světlé výčepní 10° Classic Pivovar Zubr">
                </a>
                <span class="label-supplement">ilustrační obrázek</span>
            </div>

            <div class="relative product_discounts">
                <div class="wide left">
                    <div class="relative product_name_around" style="margin-right: 32px;">
                        <div data-product="6541" class="log_product product_name wide">
                            <h2>
                                <a title="Pivo světlé výčepní 10° Classic Pivovar Zubr" aria-label="Pivo světlé výčepní 10° Classic Pivovar Zubr v akci za 10,90 Kč" href="/sleva/pivo-svetle-vycepni-10-classic-pivovar-zubr" class="product_link_history" data-product="pivo-svetle-vycepni-10-classic-pivovar-zubr">
                                    <strong>Pivo světlé výčepní 10° Classic Pivovar Zubr</strong>
                                </a>

                                <span class="nowrap">
                                                                                                                                                                        <span>0.5 l</span>
                                                                                                                        
                                                                    </span>
                            </h2>

                            <div class="product_my_leaflet">
                                


    
                                
        
        <div class="save_item_content nologin_save_item  "
             data-idf="product_discounts_6541">
			<span class="link_content">
                
    <span class="spinner-absolute spinner-btn no_content hdn"><span class="js-loader"></span></span>

                <a data-rustmp="1" data-action="click" data-fn="rusInit" href="#"
                   aria-label="Přidat produkt do oblíbených - nutné přihlášení uživatele" style="line-height: 0;"
                   class="toggle_saved_item btn btn_default top_link link_heart " data-idf="product_discounts_6541" data-type="product"
                   data-item="6541"><span>Přidat produkt do oblíbených</span></a>
			</span>
                            <span class="saved_item_text">
                                                            Zapněte si oblíbené a upozorníme vás na novou akci
                                    		    </span>
                    </div>
                                </div>

                                                                                        <div id="price_6541" class="avg_price">Běžná cena: <span>15,57</span>&nbsp;Kč</div>
                            
                        </div>
                    </div>
                </div>
            </div>

            <div class="clear"></div>
                                    
    
<div class="relative product_discounts product_discounts_overview" id="product_6541">
    <table class="wide discounts_table">

                            
                        
                                        
            <tr data-product="6541" data-discount="5143547" class="log_discount discount_row only_discount" data-key="0.5-l" id="discount_5143547">
                <td width="60" class="text-left discounts_shop_image">
                                            <a href="/letaky/globus" class="product_link_history" data-product="pivo-svetle-vycepni-10-classic-pivovar-zubr" title="Globus leták">
                            <img src="https://img.kupi.cz/kupi/thumbs/loga_shopy/globus_80.png" alt="Globus leták" width="50">
                        </a>
                                    </td>

                <td class="discounts_shop_info">
                    <span class="discounts_shop_name">
                        <a href="/letaky/globus" class="product_link_history" data-product="pivo-svetle-vycepni-10-classic-pivovar-zubr" title="Globus">
                            <span>
                                                                    Globus
                                                                                                                                                                            </span>
                        </a>

                                                                    </span>

                    
                                            <div class="discounts_markets">
                                                            <a href="/obchod/globus/globus-brno-ivanovice" title="Globus" data-shop="Globus" class="product_link_history" data-product="pivo-svetle-vycepni-10-classic-pivovar-zubr">platí pro 1 nejbližší pobočku</a>
                                                    </div>
                                    </td>

                <td class="text-left discounts_price">
                    <span class="discount_price_label">cena</span>
                    <div class="left">
                        <strong class="discount_price_value">10,90&nbsp;Kč</strong>
                    </div>

                                            <div class="discount_amount left">
                            &nbsp;/&nbsp;0.5 l                        </div>
                    
                                            <div class="discount_percentage">&ndash;27&nbsp;%</div>
                    
                    <div class="clear"></div>

                    <span style="font-size: 12px;">
                                                                                                21,80&nbsp;Kč&nbsp;/&nbsp;1&nbsp;l                                                                                    </span>

                    
                                            <div class="discount_note">
                            plech                        </div>
                                    </td>

                <td class="text-left discounts_validity valid_discount">
                                                                        platí do středy <span style="white-space: nowrap;">21. 9. </span>
                                                            </td>

                <td class="discounts_list_add">

                                            <div class="add_list_wrap">
                        


    
                                
        
        <div class="save_item_content nologin_save_item icon_only "
             data-idf="product_discounts_6541">
			<span class="link_content">
                
    <span class="spinner-absolute spinner-btn no_content hdn"><span class="js-loader"></span></span>

                <a data-rustmp="1" data-action="click" data-fn="rusInit" href="#"
                   aria-label="Přidat produkt do oblíbených - nutné přihlášení uživatele" style="line-height: 0;"
                   class="toggle_saved_item btn btn_default top_link link_heart " data-idf="product_discounts_6541" data-type="product"
                   data-item="6541"><span>Přidat produkt do oblíbených</span></a>
			</span>
                    </div>
                            </div>
                    
                                            <a data-product-id="6541" href="#5143547" role="button" aria-label="Přidat Pivo světlé výčepní 10° Classic Pivovar Zubr do nákupního seznamu" data-shop="27" data-price="10.9" data-product="Pivo světlé výčepní 10° Classic Pivovar Zubr" class="btn btn_colored btn_list_add no_login">Přidat</a>
                                    </td>
            </tr>
                    
            
            <tr data-product="6541" data-discount="5128658" class="log_discount discount_row only_discount" data-key="0.5-l" id="discount_5128658">
                <td width="60" class="text-left discounts_shop_image">
                                            <a href="/letaky/billa" class="product_link_history" data-product="pivo-svetle-vycepni-10-classic-pivovar-zubr" title="BILLA leták">
                            <img src="https://img.kupi.cz/kupi/thumbs/loga_shopy/billa_80.png" alt="BILLA leták" width="50">
                        </a>
                                    </td>

                <td class="discounts_shop_info">
                    <span class="discounts_shop_name">
                        <a href="/letaky/billa" class="product_link_history" data-product="pivo-svetle-vycepni-10-classic-pivovar-zubr" title="BILLA">
                            <span>
                                                                    BILLA
                                                                                                                                                                            </span>
                        </a>

                                                                    </span>

                    
                                            <div class="discounts_markets">
                                                            <a href="/obchod/billa/billa-brno-podperova" title="BILLA" data-shop="BILLA" class="product_link_history" data-product="pivo-svetle-vycepni-10-classic-pivovar-zubr">platí pro 14 nejbližších poboček</a>
                                                    </div>
                                    </td>

                <td class="text-left discounts_price">
                    <span class="discount_price_label">cena</span>
                    <div class="left">
                        <strong class="discount_price_value">11,90&nbsp;Kč</strong>
                    </div>

                                            <div class="discount_amount left">
                            &nbsp;/&nbsp;0.5 l                        </div>
                    
                    
                    <div class="clear"></div>

                    <span style="font-size: 12px;">
                                                                                                23,80&nbsp;Kč&nbsp;/&nbsp;1&nbsp;l                                                                                    </span>

                    
                                            <div class="discount_note">
                            plech                        </div>
                                    </td>

                <td class="text-left discounts_validity valid_discount">
                                                                        platí do neděle <span style="white-space: nowrap;">25. 9. </span>
                                                            </td>

                <td class="discounts_list_add">

                                            <div class="add_list_wrap">
                        


    
                                
        
        <div class="save_item_content nologin_save_item icon_only "
             data-idf="product_discounts_6541">
			<span class="link_content">
                
    <span class="spinner-absolute spinner-btn no_content hdn"><span class="js-loader"></span></span>

                <a data-rustmp="1" data-action="click" data-fn="rusInit" href="#"
                   aria-label="Přidat produkt do oblíbených - nutné přihlášení uživatele" style="line-height: 0;"
                   class="toggle_saved_item btn btn_default top_link link_heart " data-idf="product_discounts_6541" data-type="product"
                   data-item="6541"><span>Přidat produkt do oblíbených</span></a>
			</span>
                    </div>
                            </div>
                    
                                            <a data-product-id="6541" href="#5128658" role="button" aria-label="Přidat Pivo světlé výčepní 10° Classic Pivovar Zubr do nákupního seznamu" data-shop="5" data-price="11.9" data-product="Pivo světlé výčepní 10° Classic Pivovar Zubr" class="btn btn_colored btn_list_add no_login">Přidat</a>
                                    </td>
            </tr>
                    
            
            <tr data-product="6541" data-discount="5099998" class="log_discount discount_row only_discount" data-key="0.5-l" id="discount_5099998">
                <td width="60" class="text-left discounts_shop_image">
                                            <a href="/letaky/cba" class="product_link_history" data-product="pivo-svetle-vycepni-10-classic-pivovar-zubr" title="CBA leták">
                            <img src="https://img.kupi.cz/kupi/thumbs/loga_shopy/cba_80.png" alt="CBA leták" width="50">
                        </a>
                                    </td>

                <td class="discounts_shop_info">
                    <span class="discounts_shop_name">
                        <a href="/letaky/cba" class="product_link_history" data-product="pivo-svetle-vycepni-10-classic-pivovar-zubr" title="CBA">
                            <span>
                                                                    CBA
                                                                                                                                                                            </span>
                        </a>

                                                                    </span>

                    
                                            <div class="discounts_markets">
                                                            <a href="/obchod/cba/potraviny-4" title="CBA" data-shop="CBA" class="product_link_history" data-product="pivo-svetle-vycepni-10-classic-pivovar-zubr">platí pro 31 nejbližších poboček</a>
                                                    </div>
                                    </td>

                <td class="text-left discounts_price">
                    <span class="discount_price_label">cena</span>
                    <div class="left">
                        <strong class="discount_price_value">15,90&nbsp;Kč</strong>
                    </div>

                                            <div class="discount_amount left">
                            &nbsp;/&nbsp;0.5 l                        </div>
                    
                    
                    <div class="clear"></div>

                    <span style="font-size: 12px;">
                                                                                                31,80&nbsp;Kč&nbsp;/&nbsp;1&nbsp;l                                                                                    </span>

                    
                                            <div class="discount_note">
                            plech, pouze ve vybraných prodejnách                        </div>
                                    </td>

                <td class="text-left discounts_validity valid_discount">
                                                                        dnes končí
                                                            </td>

                <td class="discounts_list_add">

                                            <div class="add_list_wrap">
                        


    
                                
        
        <div class="save_item_content nologin_save_item icon_only "
             data-idf="product_discounts_6541">
			<span class="link_content">
                
    <span class="spinner-absolute spinner-btn no_content hdn"><span class="js-loader"></span></span>

                <a data-rustmp="1" data-action="click" data-fn="rusInit" href="#"
                   aria-label="Přidat produkt do oblíbených - nutné přihlášení uživatele" style="line-height: 0;"
                   class="toggle_saved_item btn btn_default top_link link_heart " data-idf="product_discounts_6541" data-type="product"
                   data-item="6541"><span>Přidat produkt do oblíbených</span></a>
			</span>
                    </div>
                            </div>
                    
                                            <a data-product-id="6541" href="#5099998" role="button" aria-label="Přidat Pivo světlé výčepní 10° Classic Pivovar Zubr do nákupního seznamu" data-shop="257" data-price="15.9" data-product="Pivo světlé výčepní 10° Classic Pivovar Zubr" class="btn btn_colored btn_list_add no_login">Přidat</a>
                                    </td>
            </tr>
                        </table>
    
    <div class="discounts_show_all_shops only_discount" data-product="6541" style="display: none;">
        <a role="button" href="#6541" class="purple_link discount_all_shops only_discount">Další obchody (<span>-1</span>)</a>
    </div>
</div>

    <div class="product_price_from">
        od <strong>10,90&nbsp;Kč</strong>
    </div>
                            <div class="clear"></div>
        </div>

        
        
        
    

    
        <div class="group_discounts active" data-page="3">
            <div class="absolute product_target" id="79654" style="top: -80px;"></div>

            <div class="product_image">
                <a href="/sleva/pivo-svetle-vycepni-horska-10-holba" title="Pivo světlé výčepní Horská 10° Holba" aria-hidden="true" tabindex="-1" class="open_detail" class="product_link_history" data-product-id="79654" data-product="pivo-svetle-vycepni-horska-10-holba">
                    <img src="/img/no_img/no_discounts.png"
                         data-src="https://img.kupi.cz/kupi/thumbs/pivo-svetle-vycepni-horska-10-holba_box_120_140.png"
                         alt="Pivo světlé výčepní Horská 10° Holba">
                </a>
                <span class="label-supplement">ilustrační obrázek</span>
            </div>

            <div class="relative product_discounts">
                <div class="wide left">
                    <div class="relative product_name_around" style="margin-right: 32px;">
                        <div data-product="79654" class="log_product product_name wide">
                            <h2>
                                <a title="Pivo světlé výčepní Horská 10° Holba" aria-label="Pivo světlé výčepní Horská 10° Holba v akci za 15,90 Kč" href="/sleva/pivo-svetle-vycepni-horska-10-holba" class="product_link_history" data-product="pivo-svetle-vycepni-horska-10-holba">
                                    <strong>Pivo světlé výčepní Horská 10° Holba</strong>
                                </a>

                                <span class="nowrap">
                                                                                                                                                                        <span>0.5 l</span>
                                                                                                                        
                                                                    </span>
                            </h2>

                            <div class="product_my_leaflet">
                                


    
                                
        
        <div class="save_item_content nologin_save_item  "
             data-idf="product_discounts_79654">
			<span class="link_content">
                
    <span class="spinner-absolute spinner-btn no_content hdn"><span class="js-loader"></span></span>

                <a data-rustmp="1" data-action="click" data-fn="rusInit" href="#"
                   aria-label="Přidat produkt do oblíbených - nutné přihlášení uživatele" style="line-height: 0;"
                   class="toggle_saved_item btn btn_default top_link link_heart " data-idf="product_discounts_79654" data-type="product"
                   data-item="79654"><span>Přidat produkt do oblíbených</span></a>
			</span>
                            <span class="saved_item_text">
                                                            Zapněte si oblíbené a upozorníme vás na novou akci
                                    		    </span>
                    </div>
                                </div>

                                                                                        <div id="price_79654" class="avg_price">Běžná cena: <span>15,23</span>&nbsp;Kč</div>
                            
                        </div>
                    </div>
                </div>
            </div>

            <div class="clear"></div>
                                    
    
<div class="relative product_discounts product_discounts_overview" id="product_79654">
    <table class="wide discounts_table">

                            
                        
                                        
            <tr data-product="79654" data-discount="5099992" class="log_discount discount_row only_discount" data-key="0.5-l" id="discount_5099992">
                <td width="60" class="text-left discounts_shop_image">
                                            <a href="/letaky/cba" class="product_link_history" data-product="pivo-svetle-vycepni-horska-10-holba" title="CBA leták">
                            <img src="https://img.kupi.cz/kupi/thumbs/loga_shopy/cba_80.png" alt="CBA leták" width="50">
                        </a>
                                    </td>

                <td class="discounts_shop_info">
                    <span class="discounts_shop_name">
                        <a href="/letaky/cba" class="product_link_history" data-product="pivo-svetle-vycepni-horska-10-holba" title="CBA">
                            <span>
                                                                    CBA
                                                                                                                                                                            </span>
                        </a>

                                                                    </span>

                    
                                            <div class="discounts_markets">
                                                            <a href="/obchod/cba/potraviny-4" title="CBA" data-shop="CBA" class="product_link_history" data-product="pivo-svetle-vycepni-horska-10-holba">platí pro 31 nejbližších poboček</a>
                                                    </div>
                                    </td>

                <td class="text-left discounts_price">
                    <span class="discount_price_label">cena</span>
                    <div class="left">
                        <strong class="discount_price_value">15,90&nbsp;Kč</strong>
                    </div>

                                            <div class="discount_amount left">
                            &nbsp;/&nbsp;0.5 l                        </div>
                    
                    
                    <div class="clear"></div>

                    <span style="font-size: 12px;">
                                                                                                31,80&nbsp;Kč&nbsp;/&nbsp;1&nbsp;l                                                                                    </span>

                    
                                            <div class="discount_note">
                            plech, pouze ve vybraných prodejnách                        </div>
                                    </td>

                <td class="text-left discounts_validity valid_discount">
                                                                        dnes končí
                                                            </td>

                <td class="discounts_list_add">

                                            <div class="add_list_wrap">
                        


    
                                
        
        <div class="save_item_content nologin_save_item icon_only "
             data-idf="product_discounts_79654">
			<span class="link_content">
                
    <span class="spinner-absolute spinner-btn no_content hdn"><span class="js-loader"></span></span>

                <a data-rustmp="1" data-action="click" data-fn="rusInit" href="#"
                   aria-label="Přidat produkt do oblíbených - nutné přihlášení uživatele" style="line-height: 0;"
                   class="toggle_saved_item btn btn_default top_link link_heart " data-idf="product_discounts_79654" data-type="product"
                   data-item="79654"><span>Přidat produkt do oblíbených</span></a>
			</span>
                    </div>
                            </div>
                    
                                            <a data-product-id="79654" href="#5099992" role="button" aria-label="Přidat Pivo světlé výčepní Horská 10° Holba do nákupního seznamu" data-shop="257" data-price="15.9" data-product="Pivo světlé výčepní Horská 10° Holba" class="btn btn_colored btn_list_add no_login">Přidat</a>
                                    </td>
            </tr>
                        </table>
    
    <div class="discounts_show_all_shops only_discount" data-product="79654" style="display: none;">
        <a role="button" href="#79654" class="purple_link discount_all_shops only_discount">Další obchody (<span>-3</span>)</a>
    </div>
</div>

    <div class="product_price_from">
        od <strong>15,90&nbsp;Kč</strong>
    </div>
                            <div class="clear"></div>
        </div>

        
        
        
    

    
        <div class="group_discounts active" data-page="3">
            <div class="absolute product_target" id="127827" style="top: -80px;"></div>

            <div class="product_image">
                <a href="/sleva/pivo-svetly-lezak-extra-chmelena-12-staropramen" title="Pivo světlý ležák Extra chmelená 12° Staropramen" aria-hidden="true" tabindex="-1" class="open_detail" class="product_link_history" data-product-id="127827" data-product="pivo-svetly-lezak-extra-chmelena-12-staropramen">
                    <img src="/img/no_img/no_discounts.png"
                         data-src="https://img.kupi.cz/kupi/thumbs/pivo-svetly-lezak-extra-chmelena-12-staropramen_box_120_140.jpg"
                         alt="Pivo světlý ležák Extra chmelená 12° Staropramen">
                </a>
                <span class="label-supplement">ilustrační obrázek</span>
            </div>

            <div class="relative product_discounts">
                <div class="wide left">
                    <div class="relative product_name_around" style="margin-right: 32px;">
                        <div data-product="127827" class="log_product product_name wide">
                            <h2>
                                <a title="Pivo světlý ležák Extra chmelená 12° Staropramen" aria-label="Pivo světlý ležák Extra chmelená 12° Staropramen v akci za 119,90 Kč" href="/sleva/pivo-svetly-lezak-extra-chmelena-12-staropramen" class="product_link_history" data-product="pivo-svetly-lezak-extra-chmelena-12-staropramen">
                                    <strong>Pivo světlý ležák Extra chmelená 12° Staropramen</strong>
                                </a>

                                <span class="nowrap">
                                                                                                                                                                        <span>0.5 l</span>
                                                                                                                        
                                                                    </span>
                            </h2>

                            <div class="product_my_leaflet">
                                


    
                                
        
        <div class="save_item_content nologin_save_item  "
             data-idf="product_discounts_127827">
			<span class="link_content">
                
    <span class="spinner-absolute spinner-btn no_content hdn"><span class="js-loader"></span></span>

                <a data-rustmp="1" data-action="click" data-fn="rusInit" href="#"
                   aria-label="Přidat produkt do oblíbených - nutné přihlášení uživatele" style="line-height: 0;"
                   class="toggle_saved_item btn btn_default top_link link_heart " data-idf="product_discounts_127827" data-type="product"
                   data-item="127827"><span>Přidat produkt do oblíbených</span></a>
			</span>
                            <span class="saved_item_text">
                                                            Zapněte si oblíbené a upozorníme vás na novou akci
                                    		    </span>
                    </div>
                                </div>

                                                                                        <div id="price_127827" class="avg_price">Běžná cena: <span>22,29</span>&nbsp;Kč</div>
                            
                        </div>
                    </div>
                </div>
            </div>

            <div class="clear"></div>
                                    
    
<div class="relative product_discounts product_discounts_overview" id="product_127827">
    <table class="wide discounts_table">

                            
                        
                                        
            <tr data-product="127827" data-discount="5132783" class="log_discount discount_row only_discount" data-key="0.5-l" id="discount_5132783">
                <td width="60" class="text-left discounts_shop_image">
                                            <a href="/letaky/albert" class="product_link_history" data-product="pivo-svetly-lezak-extra-chmelena-12-staropramen" title="Albert leták">
                            <img src="https://img.kupi.cz/kupi/thumbs/loga_shopy/albert-hypermarket_80.png" alt="Albert leták" width="50">
                        </a>
                                    </td>

                <td class="discounts_shop_info">
                    <span class="discounts_shop_name">
                        <a href="/letaky/albert" class="product_link_history" data-product="pivo-svetly-lezak-extra-chmelena-12-staropramen" title="Albert">
                            <span>
                                                                    Albert
                                                                                                                        hypermarket
                                                                                                                                        </span>
                        </a>

                                                                    </span>

                    
                                            <div class="discounts_markets">
                                                            <a href="/obchod/albert/albert-brno-tkalcovska" title="Albert" data-shop="Albert" class="product_link_history" data-product="pivo-svetly-lezak-extra-chmelena-12-staropramen">platí pro 5 nejbližších poboček</a>
                                                    </div>
                                    </td>

                <td class="text-left discounts_price">
                    <span class="discount_price_label">cena</span>
                    <div class="left">
                        <strong class="discount_price_value">119,90&nbsp;Kč</strong>
                    </div>

                                            <div class="discount_amount left">
                            &nbsp;/&nbsp;8x 0.5 l                        </div>
                    
                                            <div class="discount_percentage">&ndash;27&nbsp;%</div>
                    
                    <div class="clear"></div>

                    <span style="font-size: 12px;">
                                                                                                29,98&nbsp;Kč&nbsp;/&nbsp;1&nbsp;l                                                                                    </span>

                    
                                            <div class="discount_note">
                            +24 Kč záloha na láhve, do vyprodání zásob                        </div>
                                    </td>

                <td class="text-left discounts_validity valid_discount">
                                                                        platí do úterý <span style="white-space: nowrap;">20. 9. </span>
                                                            </td>

                <td class="discounts_list_add">

                                            <div class="add_list_wrap">
                        


    
                                
        
        <div class="save_item_content nologin_save_item icon_only "
             data-idf="product_discounts_127827">
			<span class="link_content">
                
    <span class="spinner-absolute spinner-btn no_content hdn"><span class="js-loader"></span></span>

                <a data-rustmp="1" data-action="click" data-fn="rusInit" href="#"
                   aria-label="Přidat produkt do oblíbených - nutné přihlášení uživatele" style="line-height: 0;"
                   class="toggle_saved_item btn btn_default top_link link_heart " data-idf="product_discounts_127827" data-type="product"
                   data-item="127827"><span>Přidat produkt do oblíbených</span></a>
			</span>
                    </div>
                            </div>
                    
                                            <a data-product-id="127827" href="#5132783" role="button" aria-label="Přidat Pivo světlý ležák Extra chmelená 12° Staropramen do nákupního seznamu" data-shop="3" data-price="119.9" data-product="Pivo světlý ležák Extra chmelená 12° Staropramen" class="btn btn_colored btn_list_add no_login">Přidat</a>
                                    </td>
            </tr>
                    
                                        
            <tr data-product="127827" data-discount="5099866" class="log_discount discount_row only_discount" data-key="0.5-l" id="discount_5099866">
                <td width="60" class="text-left discounts_shop_image">
                                            <a href="/letaky/cba" class="product_link_history" data-product="pivo-svetly-lezak-extra-chmelena-12-staropramen" title="CBA leták">
                            <img src="https://img.kupi.cz/kupi/thumbs/loga_shopy/cba_80.png" alt="CBA leták" width="50">
                        </a>
                                    </td>

                <td class="discounts_shop_info">
                    <span class="discounts_shop_name">
                        <a href="/letaky/cba" class="product_link_history" data-product="pivo-svetly-lezak-extra-chmelena-12-staropramen" title="CBA">
                            <span>
                                                                    CBA
                                                                                                                                                                            </span>
                        </a>

                                                                    </span>

                    
                                            <div class="discounts_markets">
                                                            <a href="/obchod/cba/potraviny-4" title="CBA" data-shop="CBA" class="product_link_history" data-product="pivo-svetly-lezak-extra-chmelena-12-staropramen">platí pro 31 nejbližších poboček</a>
                                                    </div>
                                    </td>

                <td class="text-left discounts_price">
                    <span class="discount_price_label">cena</span>
                    <div class="left">
                        <strong class="discount_price_value">19,90&nbsp;Kč</strong>
                    </div>

                                            <div class="discount_amount left">
                            &nbsp;/&nbsp;0.5 l                        </div>
                    
                    
                    <div class="clear"></div>

                    <span style="font-size: 12px;">
                                                                                                39,80&nbsp;Kč&nbsp;/&nbsp;1&nbsp;l                                                                                    </span>

                    
                                            <div class="discount_note">
                            plech, pouze ve vybraných prodejnách                        </div>
                                    </td>

                <td class="text-left discounts_validity valid_discount">
                                                                        dnes končí
                                                            </td>

                <td class="discounts_list_add">

                                            <div class="add_list_wrap">
                        


    
                                
        
        <div class="save_item_content nologin_save_item icon_only "
             data-idf="product_discounts_127827">
			<span class="link_content">
                
    <span class="spinner-absolute spinner-btn no_content hdn"><span class="js-loader"></span></span>

                <a data-rustmp="1" data-action="click" data-fn="rusInit" href="#"
                   aria-label="Přidat produkt do oblíbených - nutné přihlášení uživatele" style="line-height: 0;"
                   class="toggle_saved_item btn btn_default top_link link_heart " data-idf="product_discounts_127827" data-type="product"
                   data-item="127827"><span>Přidat produkt do oblíbených</span></a>
			</span>
                    </div>
                            </div>
                    
                                            <a data-product-id="127827" href="#5099866" role="button" aria-label="Přidat Pivo světlý ležák Extra chmelená 12° Staropramen do nákupního seznamu" data-shop="257" data-price="19.9" data-product="Pivo světlý ležák Extra chmelená 12° Staropramen" class="btn btn_colored btn_list_add no_login">Přidat</a>
                                    </td>
            </tr>
                        </table>
    
    <div class="discounts_show_all_shops only_discount" data-product="127827" style="display: none;">
        <a role="button" href="#127827" class="purple_link discount_all_shops only_discount">Další obchody (<span>-2</span>)</a>
    </div>
</div>

    <div class="product_price_from">
        od <strong>19,90&nbsp;Kč</strong>
    </div>
                            <div class="clear"></div>
        </div>

        
        
        
    

    
        <div class="group_discounts active" data-page="3">
            <div class="absolute product_target" id="17881" style="top: -80px;"></div>

            <div class="product_image">
                <a href="/sleva/pivo-polotmavy-lezak-granat-staropramen" title="Pivo polotmavý ležák Granát Staropramen" aria-hidden="true" tabindex="-1" class="open_detail" class="product_link_history" data-product-id="17881" data-product="pivo-polotmavy-lezak-granat-staropramen">
                    <img src="/img/no_img/no_discounts.png"
                         data-src="https://img.kupi.cz/kupi/thumbs/pivo-polotmavy-lezak-granat-staropramen_box_120_140.jpg"
                         alt="Pivo polotmavý ležák Granát Staropramen">
                </a>
                <span class="label-supplement">ilustrační obrázek</span>
            </div>

            <div class="relative product_discounts">
                <div class="wide left">
                    <div class="relative product_name_around" style="margin-right: 32px;">
                        <div data-product="17881" class="log_product product_name wide">
                            <h2>
                                <a title="Pivo polotmavý ležák Granát Staropramen" aria-label="Pivo polotmavý ležák Granát Staropramen v akci za 14,90 Kč" href="/sleva/pivo-polotmavy-lezak-granat-staropramen" class="product_link_history" data-product="pivo-polotmavy-lezak-granat-staropramen">
                                    <strong>Pivo polotmavý ležák Granát Staropramen</strong>
                                </a>

                                <span class="nowrap">
                                                                                                                                                                        <span>0.5 l</span>
                                                                                                                        
                                                                    </span>
                            </h2>

                            <div class="product_my_leaflet">
                                


    
                                
        
        <div class="save_item_content nologin_save_item  "
             data-idf="product_discounts_17881">
			<span class="link_content">
                
    <span class="spinner-absolute spinner-btn no_content hdn"><span class="js-loader"></span></span>

                <a data-rustmp="1" data-action="click" data-fn="rusInit" href="#"
                   aria-label="Přidat produkt do oblíbených - nutné přihlášení uživatele" style="line-height: 0;"
                   class="toggle_saved_item btn btn_default top_link link_heart " data-idf="product_discounts_17881" data-type="product"
                   data-item="17881"><span>Přidat produkt do oblíbených</span></a>
			</span>
                            <span class="saved_item_text">
                                                            Zapněte si oblíbené a upozorníme vás na novou akci
                                    		    </span>
                    </div>
                                </div>

                                                                                        <div id="price_17881" class="avg_price">Běžná cena: <span>22,81</span>&nbsp;Kč</div>
                            
                        </div>
                    </div>
                </div>
            </div>

            <div class="clear"></div>
                                    
    
<div class="relative product_discounts product_discounts_overview" id="product_17881">
    <table class="wide discounts_table">

                            
                        
                                        
            <tr data-product="17881" data-discount="5111104" class="log_discount discount_row only_discount" data-key="0.5-l" id="discount_5111104">
                <td width="60" class="text-left discounts_shop_image">
                                            <a href="/letaky/jip" class="product_link_history" data-product="pivo-polotmavy-lezak-granat-staropramen" title="JIP leták">
                            <img src="https://img.kupi.cz/kupi/thumbs/loga_shopy/jip-1_80.png" alt="JIP leták" width="50">
                        </a>
                                    </td>

                <td class="discounts_shop_info">
                    <span class="discounts_shop_name">
                        <a href="/letaky/jip" class="product_link_history" data-product="pivo-polotmavy-lezak-granat-staropramen" title="JIP">
                            <span>
                                                                    JIP
                                                                                                                                                                            </span>
                        </a>

                                                                    </span>

                    
                                            <div class="discounts_markets">
                                                            <a href="/obchod/jip/jip-brno-herspicka" title="JIP" data-shop="JIP" class="product_link_history" data-product="pivo-polotmavy-lezak-granat-staropramen">platí pro 1 nejbližší pobočku</a>
                                                    </div>
                                    </td>

                <td class="text-left discounts_price">
                    <span class="discount_price_label">cena</span>
                    <div class="left">
                        <strong class="discount_price_value">14,90&nbsp;Kč</strong>
                    </div>

                                            <div class="discount_amount left">
                            &nbsp;/&nbsp;0.5 l                        </div>
                    
                    
                    <div class="clear"></div>

                    <span style="font-size: 12px;">
                                                                                                29,80&nbsp;Kč&nbsp;/&nbsp;1&nbsp;l                                                                                    </span>

                    
                                            <div class="discount_note">
                            +3 Kč záloha na láhev                        </div>
                                    </td>

                <td class="text-left discounts_validity valid_discount">
                                                                        zítra končí
                                                            </td>

                <td class="discounts_list_add">

                                            <div class="add_list_wrap">
                        


    
                                
        
        <div class="save_item_content nologin_save_item icon_only "
             data-idf="product_discounts_17881">
			<span class="link_content">
                
    <span class="spinner-absolute spinner-btn no_content hdn"><span class="js-loader"></span></span>

                <a data-rustmp="1" data-action="click" data-fn="rusInit" href="#"
                   aria-label="Přidat produkt do oblíbených - nutné přihlášení uživatele" style="line-height: 0;"
                   class="toggle_saved_item btn btn_default top_link link_heart " data-idf="product_discounts_17881" data-type="product"
                   data-item="17881"><span>Přidat produkt do oblíbených</span></a>
			</span>
                    </div>
                            </div>
                    
                                            <a data-product-id="17881" href="#5111104" role="button" aria-label="Přidat Pivo polotmavý ležák Granát Staropramen do nákupního seznamu" data-shop="271" data-price="14.9" data-product="Pivo polotmavý ležák Granát Staropramen" class="btn btn_colored btn_list_add no_login">Přidat</a>
                                    </td>
            </tr>
                    
            
            <tr data-product="17881" data-discount="5099869" class="log_discount discount_row only_discount" data-key="0.5-l" id="discount_5099869">
                <td width="60" class="text-left discounts_shop_image">
                                            <a href="/letaky/cba" class="product_link_history" data-product="pivo-polotmavy-lezak-granat-staropramen" title="CBA leták">
                            <img src="https://img.kupi.cz/kupi/thumbs/loga_shopy/cba_80.png" alt="CBA leták" width="50">
                        </a>
                                    </td>

                <td class="discounts_shop_info">
                    <span class="discounts_shop_name">
                        <a href="/letaky/cba" class="product_link_history" data-product="pivo-polotmavy-lezak-granat-staropramen" title="CBA">
                            <span>
                                                                    CBA
                                                                                                                                                                            </span>
                        </a>

                                                                    </span>

                    
                                            <div class="discounts_markets">
                                                            <a href="/obchod/cba/potraviny-4" title="CBA" data-shop="CBA" class="product_link_history" data-product="pivo-polotmavy-lezak-granat-staropramen">platí pro 31 nejbližších poboček</a>
                                                    </div>
                                    </td>

                <td class="text-left discounts_price">
                    <span class="discount_price_label">cena</span>
                    <div class="left">
                        <strong class="discount_price_value">19,90&nbsp;Kč</strong>
                    </div>

                                            <div class="discount_amount left">
                            &nbsp;/&nbsp;0.5 l                        </div>
                    
                    
                    <div class="clear"></div>

                    <span style="font-size: 12px;">
                                                                                                39,80&nbsp;Kč&nbsp;/&nbsp;1&nbsp;l                                                                                    </span>

                    
                                            <div class="discount_note">
                            plech, pouze ve vybraných prodejnách                        </div>
                                    </td>

                <td class="text-left discounts_validity valid_discount">
                                                                        dnes končí
                                                            </td>

                <td class="discounts_list_add">

                                            <div class="add_list_wrap">
                        


    
                                
        
        <div class="save_item_content nologin_save_item icon_only "
             data-idf="product_discounts_17881">
			<span class="link_content">
                
    <span class="spinner-absolute spinner-btn no_content hdn"><span class="js-loader"></span></span>

                <a data-rustmp="1" data-action="click" data-fn="rusInit" href="#"
                   aria-label="Přidat produkt do oblíbených - nutné přihlášení uživatele" style="line-height: 0;"
                   class="toggle_saved_item btn btn_default top_link link_heart " data-idf="product_discounts_17881" data-type="product"
                   data-item="17881"><span>Přidat produkt do oblíbených</span></a>
			</span>
                    </div>
                            </div>
                    
                                            <a data-product-id="17881" href="#5099869" role="button" aria-label="Přidat Pivo polotmavý ležák Granát Staropramen do nákupního seznamu" data-shop="257" data-price="19.9" data-product="Pivo polotmavý ležák Granát Staropramen" class="btn btn_colored btn_list_add no_login">Přidat</a>
                                    </td>
            </tr>
                        </table>
    
    <div class="discounts_show_all_shops only_discount" data-product="17881" style="display: none;">
        <a role="button" href="#17881" class="purple_link discount_all_shops only_discount">Další obchody (<span>-2</span>)</a>
    </div>
</div>

    <div class="product_price_from">
        od <strong>14,90&nbsp;Kč</strong>
    </div>
                            <div class="clear"></div>
        </div>

        
        
        
    

    
        <div class="group_discounts active" data-page="3">
            <div class="absolute product_target" id="260855" style="top: -80px;"></div>

            <div class="product_image">
                <a href="/sleva/pivo-svetly-lezak-premium-lobkowicz" title="Pivo světlý ležák Premium Lobkowicz" aria-hidden="true" tabindex="-1" class="open_detail" class="product_link_history" data-product-id="260855" data-product="pivo-svetly-lezak-premium-lobkowicz">
                    <img src="/img/no_img/no_discounts.png"
                         data-src="https://img.kupi.cz/kupi/thumbs/pivo-svetly-lezak-premium-lobkowicz_box_120_140.jpg"
                         alt="Pivo světlý ležák Premium Lobkowicz">
                </a>
                <span class="label-supplement">ilustrační obrázek</span>
            </div>

            <div class="relative product_discounts">
                <div class="wide left">
                    <div class="relative product_name_around" style="margin-right: 32px;">
                        <div data-product="260855" class="log_product product_name wide">
                            <h2>
                                <a title="Pivo světlý ležák Premium Lobkowicz" aria-label="Pivo světlý ležák Premium Lobkowicz v akci za 12,90 Kč" href="/sleva/pivo-svetly-lezak-premium-lobkowicz" class="product_link_history" data-product="pivo-svetly-lezak-premium-lobkowicz">
                                    <strong>Pivo světlý ležák Premium Lobkowicz</strong>
                                </a>

                                <span class="nowrap">
                                                                                                                                                                        <span>0.5 l</span>
                                                                                                                        
                                                                    </span>
                            </h2>

                            <div class="product_my_leaflet">
                                


    
                                
        
        <div class="save_item_content nologin_save_item  "
             data-idf="product_discounts_260855">
			<span class="link_content">
                
    <span class="spinner-absolute spinner-btn no_content hdn"><span class="js-loader"></span></span>

                <a data-rustmp="1" data-action="click" data-fn="rusInit" href="#"
                   aria-label="Přidat produkt do oblíbených - nutné přihlášení uživatele" style="line-height: 0;"
                   class="toggle_saved_item btn btn_default top_link link_heart " data-idf="product_discounts_260855" data-type="product"
                   data-item="260855"><span>Přidat produkt do oblíbených</span></a>
			</span>
                            <span class="saved_item_text">
                                                            Zapněte si oblíbené a upozorníme vás na novou akci
                                    		    </span>
                    </div>
                                </div>

                                                                                        <div id="price_260855" class="avg_price">Běžná cena: <span>19,90</span>&nbsp;Kč</div>
                            
                        </div>
                    </div>
                </div>
            </div>

            <div class="clear"></div>
                                    
    
<div class="relative product_discounts product_discounts_overview" id="product_260855">
    <table class="wide discounts_table">

                            
                        
                                        
            <tr data-product="260855" data-discount="5139473" class="log_discount discount_row only_discount" data-key="0.5-l" id="discount_5139473">
                <td width="60" class="text-left discounts_shop_image">
                                            <a href="/letaky/kaufland" class="product_link_history" data-product="pivo-svetly-lezak-premium-lobkowicz" title="Kaufland leták">
                            <img src="https://img.kupi.cz/kupi/thumbs/loga_shopy/kaufland-2_80.png" alt="Kaufland leták" width="50">
                        </a>
                                    </td>

                <td class="discounts_shop_info">
                    <span class="discounts_shop_name">
                        <a href="/letaky/kaufland" class="product_link_history" data-product="pivo-svetly-lezak-premium-lobkowicz" title="Kaufland">
                            <span>
                                                                    Kaufland
                                                                                                                                                                            </span>
                        </a>

                                                                    </span>

                    
                                            <div class="discounts_markets">
                                                            <a href="/obchod/kaufland/kaufland-kurim-blanenska" title="Kaufland" data-shop="Kaufland" class="product_link_history" data-product="pivo-svetly-lezak-premium-lobkowicz">platí pro 8 nejbližších poboček</a>
                                                    </div>
                                    </td>

                <td class="text-left discounts_price">
                    <span class="discount_price_label">cena</span>
                    <div class="left">
                        <strong class="discount_price_value">12,90&nbsp;Kč</strong>
                    </div>

                                            <div class="discount_amount left">
                            &nbsp;/&nbsp;0.5 l                        </div>
                    
                                            <div class="discount_percentage">&ndash;35&nbsp;%</div>
                    
                    <div class="clear"></div>

                    <span style="font-size: 12px;">
                                                                                                25,80&nbsp;Kč&nbsp;/&nbsp;1&nbsp;l                                                                                    </span>

                    
                                            <div class="discount_note">
                            +3 Kč záloha na láhev, max 40 ks/osoba/den                        </div>
                                    </td>

                <td class="text-left discounts_validity valid_discount">
                                                                        platí do úterý <span style="white-space: nowrap;">13. 9. </span>
                                                            </td>

                <td class="discounts_list_add">

                                            <div class="add_list_wrap">
                        


    
                                
        
        <div class="save_item_content nologin_save_item icon_only "
             data-idf="product_discounts_260855">
			<span class="link_content">
                
    <span class="spinner-absolute spinner-btn no_content hdn"><span class="js-loader"></span></span>

                <a data-rustmp="1" data-action="click" data-fn="rusInit" href="#"
                   aria-label="Přidat produkt do oblíbených - nutné přihlášení uživatele" style="line-height: 0;"
                   class="toggle_saved_item btn btn_default top_link link_heart " data-idf="product_discounts_260855" data-type="product"
                   data-item="260855"><span>Přidat produkt do oblíbených</span></a>
			</span>
                    </div>
                            </div>
                    
                                            <a data-product-id="260855" href="#5139473" role="button" aria-label="Přidat Pivo světlý ležák Premium Lobkowicz do nákupního seznamu" data-shop="4" data-price="12.9" data-product="Pivo světlý ležák Premium Lobkowicz" class="btn btn_colored btn_list_add no_login">Přidat</a>
                                    </td>
            </tr>
                        </table>
    
    <div class="discounts_show_all_shops only_discount" data-product="260855" style="display: none;">
        <a role="button" href="#260855" class="purple_link discount_all_shops only_discount">Další obchody (<span>-3</span>)</a>
    </div>
</div>

    <div class="product_price_from">
        od <strong>12,90&nbsp;Kč</strong>
    </div>
                            <div class="clear"></div>
        </div>

        
        
        
    

    
        <div class="group_discounts active" data-page="3">
            <div class="absolute product_target" id="229305" style="top: -80px;"></div>

            <div class="product_image">
                <a href="/sleva/pivo-svetly-sezonni-lezak-staropramen" title="Pivo světlý sezonní ležák Staropramen" aria-hidden="true" tabindex="-1" class="open_detail" class="product_link_history" data-product-id="229305" data-product="pivo-svetly-sezonni-lezak-staropramen">
                    <img src="/img/no_img/no_discounts.png"
                         data-src="https://img.kupi.cz/kupi/thumbs/pivo-sezonni-lezak-staropramen_box_120_140.jpg"
                         alt="Pivo světlý sezonní ležák Staropramen">
                </a>
                <span class="label-supplement">ilustrační obrázek</span>
            </div>

            <div class="relative product_discounts">
                <div class="wide left">
                    <div class="relative product_name_around" style="margin-right: 32px;">
                        <div data-product="229305" class="log_product product_name wide">
                            <h2>
                                <a title="Pivo světlý sezonní ležák Staropramen" aria-label="Pivo světlý sezonní ležák Staropramen v akci za 31,90 Kč" href="/sleva/pivo-svetly-sezonni-lezak-staropramen" class="product_link_history" data-product="pivo-svetly-sezonni-lezak-staropramen">
                                    <strong>Pivo světlý sezonní ležák Staropramen</strong>
                                </a>

                                <span class="nowrap">
                                                                                                                                                                        <span>1.5 l</span>
                                                                                                                        
                                                                    </span>
                            </h2>

                            <div class="product_my_leaflet">
                                


    
                                
        
        <div class="save_item_content nologin_save_item  "
             data-idf="product_discounts_229305">
			<span class="link_content">
                
    <span class="spinner-absolute spinner-btn no_content hdn"><span class="js-loader"></span></span>

                <a data-rustmp="1" data-action="click" data-fn="rusInit" href="#"
                   aria-label="Přidat produkt do oblíbených - nutné přihlášení uživatele" style="line-height: 0;"
                   class="toggle_saved_item btn btn_default top_link link_heart " data-idf="product_discounts_229305" data-type="product"
                   data-item="229305"><span>Přidat produkt do oblíbených</span></a>
			</span>
                            <span class="saved_item_text">
                                                            Zapněte si oblíbené a upozorníme vás na novou akci
                                    		    </span>
                    </div>
                                </div>

                                                                                        <div id="price_229305" class="avg_price">Běžná cena: <span>44,90</span>&nbsp;Kč</div>
                            
                        </div>
                    </div>
                </div>
            </div>

            <div class="clear"></div>
                                    
    
<div class="relative product_discounts product_discounts_overview" id="product_229305">
    <table class="wide discounts_table">

                            
                        
                                        
            <tr data-product="229305" data-discount="5093764" class="log_discount discount_row only_discount" data-key="1.5-l" id="discount_5093764">
                <td width="60" class="text-left discounts_shop_image">
                                            <a href="/letaky/billa" class="product_link_history" data-product="pivo-svetly-sezonni-lezak-staropramen" title="BILLA leták">
                            <img src="https://img.kupi.cz/kupi/thumbs/loga_shopy/billa_80.png" alt="BILLA leták" width="50">
                        </a>
                                    </td>

                <td class="discounts_shop_info">
                    <span class="discounts_shop_name">
                        <a href="/letaky/billa" class="product_link_history" data-product="pivo-svetly-sezonni-lezak-staropramen" title="BILLA">
                            <span>
                                                                    BILLA
                                                                                                                                                                            </span>
                        </a>

                                                                    </span>

                    
                                            <div class="discounts_markets">
                                                            <a href="/obchod/billa/billa-brno-podperova" title="BILLA" data-shop="BILLA" class="product_link_history" data-product="pivo-svetly-sezonni-lezak-staropramen">platí pro 14 nejbližších poboček</a>
                                                    </div>
                                    </td>

                <td class="text-left discounts_price">
                    <span class="discount_price_label">cena</span>
                    <div class="left">
                        <strong class="discount_price_value">31,90&nbsp;Kč</strong>
                    </div>

                                            <div class="discount_amount left">
                            &nbsp;/&nbsp;1.5 l                        </div>
                    
                    
                    <div class="clear"></div>

                    <span style="font-size: 12px;">
                                                                                                21,27&nbsp;Kč&nbsp;/&nbsp;1&nbsp;l                                                                                    </span>

                    
                                            <div class="discount_note">
                            pet láhev                        </div>
                                    </td>

                <td class="text-left discounts_validity valid_discount">
                                                                        dnes končí
                                                            </td>

                <td class="discounts_list_add">

                                            <div class="add_list_wrap">
                        


    
                                
        
        <div class="save_item_content nologin_save_item icon_only "
             data-idf="product_discounts_229305">
			<span class="link_content">
                
    <span class="spinner-absolute spinner-btn no_content hdn"><span class="js-loader"></span></span>

                <a data-rustmp="1" data-action="click" data-fn="rusInit" href="#"
                   aria-label="Přidat produkt do oblíbených - nutné přihlášení uživatele" style="line-height: 0;"
                   class="toggle_saved_item btn btn_default top_link link_heart " data-idf="product_discounts_229305" data-type="product"
                   data-item="229305"><span>Přidat produkt do oblíbených</span></a>
			</span>
                    </div>
                            </div>
                    
                                            <a data-product-id="229305" href="#5093764" role="button" aria-label="Přidat Pivo světlý sezonní ležák Staropramen do nákupního seznamu" data-shop="5" data-price="31.9" data-product="Pivo světlý sezonní ležák Staropramen" class="btn btn_colored btn_list_add no_login">Přidat</a>
                                    </td>
            </tr>
                    
            
            <tr data-product="229305" data-discount="5128724" class="log_discount discount_row only_discount" data-key="1.5-l" id="discount_5128724">
                <td width="60" class="text-left discounts_shop_image">
                                            <a href="/letaky/billa" class="product_link_history" data-product="pivo-svetly-sezonni-lezak-staropramen" title="BILLA leták">
                            <img src="https://img.kupi.cz/kupi/thumbs/loga_shopy/billa_80.png" alt="BILLA leták" width="50">
                        </a>
                                    </td>

                <td class="discounts_shop_info">
                    <span class="discounts_shop_name">
                        <a href="/letaky/billa" class="product_link_history" data-product="pivo-svetly-sezonni-lezak-staropramen" title="BILLA">
                            <span>
                                                                    BILLA
                                                                                                                                                                            </span>
                        </a>

                                                                    </span>

                    
                                            <div class="discounts_markets">
                                                            <a href="/obchod/billa/billa-brno-podperova" title="BILLA" data-shop="BILLA" class="product_link_history" data-product="pivo-svetly-sezonni-lezak-staropramen">platí pro 14 nejbližších poboček</a>
                                                    </div>
                                    </td>

                <td class="text-left discounts_price">
                    <span class="discount_price_label">cena</span>
                    <div class="left">
                        <strong class="discount_price_value">31,90&nbsp;Kč</strong>
                    </div>

                                            <div class="discount_amount left">
                            &nbsp;/&nbsp;1.5 l                        </div>
                    
                    
                    <div class="clear"></div>

                    <span style="font-size: 12px;">
                                                                                                21,27&nbsp;Kč&nbsp;/&nbsp;1&nbsp;l                                                                                    </span>

                    
                                            <div class="discount_note">
                            pet láhev                        </div>
                                    </td>

                <td class="text-left discounts_validity valid_discount">
                                                                        platí do neděle <span style="white-space: nowrap;">25. 9. </span>
                                                            </td>

                <td class="discounts_list_add">

                                            <div class="add_list_wrap">
                        


    
                                
        
        <div class="save_item_content nologin_save_item icon_only "
             data-idf="product_discounts_229305">
			<span class="link_content">
                
    <span class="spinner-absolute spinner-btn no_content hdn"><span class="js-loader"></span></span>

                <a data-rustmp="1" data-action="click" data-fn="rusInit" href="#"
                   aria-label="Přidat produkt do oblíbených - nutné přihlášení uživatele" style="line-height: 0;"
                   class="toggle_saved_item btn btn_default top_link link_heart " data-idf="product_discounts_229305" data-type="product"
                   data-item="229305"><span>Přidat produkt do oblíbených</span></a>
			</span>
                    </div>
                            </div>
                    
                                            <a data-product-id="229305" href="#5128724" role="button" aria-label="Přidat Pivo světlý sezonní ležák Staropramen do nákupního seznamu" data-shop="5" data-price="31.9" data-product="Pivo světlý sezonní ležák Staropramen" class="btn btn_colored btn_list_add no_login">Přidat</a>
                                    </td>
            </tr>
                        </table>
    
    <div class="discounts_show_all_shops only_discount" data-product="229305" style="display: none;">
        <a role="button" href="#229305" class="purple_link discount_all_shops only_discount">Další obchody (<span>-2</span>)</a>
    </div>
</div>

    <div class="product_price_from">
        od <strong>31,90&nbsp;Kč</strong>
    </div>
                            <div class="clear"></div>
        </div>

        
        
        
    

    
        <div class="group_discounts active" data-page="3">
            <div class="absolute product_target" id="21063" style="top: -80px;"></div>

            <div class="product_image">
                <a href="/sleva/pivo-svetle-vycepni-10-classic-litovel" title="Pivo světlé výčepní 10° Classic Litovel" aria-hidden="true" tabindex="-1" class="open_detail" class="product_link_history" data-product-id="21063" data-product="pivo-svetle-vycepni-10-classic-litovel">
                    <img src="/img/no_img/no_discounts.png"
                         data-src="https://img.kupi.cz/kupi/thumbs/pivo-svetle-vycepni-classic-litovel_box_120_140.jpg"
                         alt="Pivo světlé výčepní 10° Classic Litovel">
                </a>
                <span class="label-supplement">ilustrační obrázek</span>
            </div>

            <div class="relative product_discounts">
                <div class="wide left">
                    <div class="relative product_name_around" style="margin-right: 32px;">
                        <div data-product="21063" class="log_product product_name wide">
                            <h2>
                                <a title="Pivo světlé výčepní 10° Classic Litovel" aria-label="Pivo světlé výčepní 10° Classic Litovel v akci za 15,90 Kč" href="/sleva/pivo-svetle-vycepni-10-classic-litovel" class="product_link_history" data-product="pivo-svetle-vycepni-10-classic-litovel">
                                    <strong>Pivo světlé výčepní 10° Classic Litovel</strong>
                                </a>

                                <span class="nowrap">
                                                                                                                                                                        <span>0.5 l</span>
                                                                                                                        
                                                                    </span>
                            </h2>

                            <div class="product_my_leaflet">
                                


    
                                
        
        <div class="save_item_content nologin_save_item  "
             data-idf="product_discounts_21063">
			<span class="link_content">
                
    <span class="spinner-absolute spinner-btn no_content hdn"><span class="js-loader"></span></span>

                <a data-rustmp="1" data-action="click" data-fn="rusInit" href="#"
                   aria-label="Přidat produkt do oblíbených - nutné přihlášení uživatele" style="line-height: 0;"
                   class="toggle_saved_item btn btn_default top_link link_heart " data-idf="product_discounts_21063" data-type="product"
                   data-item="21063"><span>Přidat produkt do oblíbených</span></a>
			</span>
                            <span class="saved_item_text">
                                                            Zapněte si oblíbené a upozorníme vás na novou akci
                                    		    </span>
                    </div>
                                </div>

                                                                                        <div id="price_21063" class="avg_price">Běžná cena: <span>14,90</span>&nbsp;Kč</div>
                            
                        </div>
                    </div>
                </div>
            </div>

            <div class="clear"></div>
                                    
    
<div class="relative product_discounts product_discounts_overview" id="product_21063">
    <table class="wide discounts_table">

                            
                        
                                        
            <tr data-product="21063" data-discount="5099995" class="log_discount discount_row only_discount" data-key="0.5-l" id="discount_5099995">
                <td width="60" class="text-left discounts_shop_image">
                                            <a href="/letaky/cba" class="product_link_history" data-product="pivo-svetle-vycepni-10-classic-litovel" title="CBA leták">
                            <img src="https://img.kupi.cz/kupi/thumbs/loga_shopy/cba_80.png" alt="CBA leták" width="50">
                        </a>
                                    </td>

                <td class="discounts_shop_info">
                    <span class="discounts_shop_name">
                        <a href="/letaky/cba" class="product_link_history" data-product="pivo-svetle-vycepni-10-classic-litovel" title="CBA">
                            <span>
                                                                    CBA
                                                                                                                                                                            </span>
                        </a>

                                                                    </span>

                    
                                            <div class="discounts_markets">
                                                            <a href="/obchod/cba/potraviny-4" title="CBA" data-shop="CBA" class="product_link_history" data-product="pivo-svetle-vycepni-10-classic-litovel">platí pro 31 nejbližších poboček</a>
                                                    </div>
                                    </td>

                <td class="text-left discounts_price">
                    <span class="discount_price_label">cena</span>
                    <div class="left">
                        <strong class="discount_price_value">15,90&nbsp;Kč</strong>
                    </div>

                                            <div class="discount_amount left">
                            &nbsp;/&nbsp;0.5 l                        </div>
                    
                    
                    <div class="clear"></div>

                    <span style="font-size: 12px;">
                                                                                                31,80&nbsp;Kč&nbsp;/&nbsp;1&nbsp;l                                                                                    </span>

                    
                                            <div class="discount_note">
                            plech, pouze ve vybraných prodejnách                        </div>
                                    </td>

                <td class="text-left discounts_validity valid_discount">
                                                                        dnes končí
                                                            </td>

                <td class="discounts_list_add">

                                            <div class="add_list_wrap">
                        


    
                                
        
        <div class="save_item_content nologin_save_item icon_only "
             data-idf="product_discounts_21063">
			<span class="link_content">
                
    <span class="spinner-absolute spinner-btn no_content hdn"><span class="js-loader"></span></span>

                <a data-rustmp="1" data-action="click" data-fn="rusInit" href="#"
                   aria-label="Přidat produkt do oblíbených - nutné přihlášení uživatele" style="line-height: 0;"
                   class="toggle_saved_item btn btn_default top_link link_heart " data-idf="product_discounts_21063" data-type="product"
                   data-item="21063"><span>Přidat produkt do oblíbených</span></a>
			</span>
                    </div>
                            </div>
                    
                                            <a data-product-id="21063" href="#5099995" role="button" aria-label="Přidat Pivo světlé výčepní 10° Classic Litovel do nákupního seznamu" data-shop="257" data-price="15.9" data-product="Pivo světlé výčepní 10° Classic Litovel" class="btn btn_colored btn_list_add no_login">Přidat</a>
                                    </td>
            </tr>
                        </table>
    
    <div class="discounts_show_all_shops only_discount" data-product="21063" style="display: none;">
        <a role="button" href="#21063" class="purple_link discount_all_shops only_discount">Další obchody (<span>-3</span>)</a>
    </div>
</div>

    <div class="product_price_from">
        od <strong>15,90&nbsp;Kč</strong>
    </div>
                            <div class="clear"></div>
        </div>

        
        
        
    

    
        <div class="group_discounts active" data-page="3">
            <div class="absolute product_target" id="73915" style="top: -80px;"></div>

            <div class="product_image">
                <a href="/sleva/pivo-premium-lobkowicz" title="Pivo Premium Lobkowicz" aria-hidden="true" tabindex="-1" class="open_detail" class="product_link_history" data-product-id="73915" data-product="pivo-premium-lobkowicz">
                    <img src="/img/no_img/no_discounts.png"
                         data-src="https://img.kupi.cz/kupi/thumbs/pivo-premium-lobkowicz_box_120_140.jpg"
                         alt="Pivo Premium Lobkowicz">
                </a>
                <span class="label-supplement">ilustrační obrázek</span>
            </div>

            <div class="relative product_discounts">
                <div class="wide left">
                    <div class="relative product_name_around" style="margin-right: 32px;">
                        <div data-product="73915" class="log_product product_name wide">
                            <h2>
                                <a title="Pivo Premium Lobkowicz" aria-label="Pivo Premium Lobkowicz v akci za 14,90 Kč" href="/sleva/pivo-premium-lobkowicz" class="product_link_history" data-product="pivo-premium-lobkowicz">
                                    <strong>Pivo Premium Lobkowicz</strong>
                                </a>

                                <span class="nowrap">
                                                                                                                                                                        <span>0.5 l</span>
                                                                                                                        
                                                                    </span>
                            </h2>

                            <div class="product_my_leaflet">
                                


    
                                
        
        <div class="save_item_content nologin_save_item  "
             data-idf="product_discounts_73915">
			<span class="link_content">
                
    <span class="spinner-absolute spinner-btn no_content hdn"><span class="js-loader"></span></span>

                <a data-rustmp="1" data-action="click" data-fn="rusInit" href="#"
                   aria-label="Přidat produkt do oblíbených - nutné přihlášení uživatele" style="line-height: 0;"
                   class="toggle_saved_item btn btn_default top_link link_heart " data-idf="product_discounts_73915" data-type="product"
                   data-item="73915"><span>Přidat produkt do oblíbených</span></a>
			</span>
                            <span class="saved_item_text">
                                                            Zapněte si oblíbené a upozorníme vás na novou akci
                                    		    </span>
                    </div>
                                </div>

                                                                                        <div id="price_73915" class="avg_price">Běžná cena: <span>17,90</span>&nbsp;Kč</div>
                            
                        </div>
                    </div>
                </div>
            </div>

            <div class="clear"></div>
                                    
    
<div class="relative product_discounts product_discounts_overview" id="product_73915">
    <table class="wide discounts_table">

                            
                        
                                        
            <tr data-product="73915" data-discount="5128649" class="log_discount discount_row only_discount" data-key="0.5-l" id="discount_5128649">
                <td width="60" class="text-left discounts_shop_image">
                                            <a href="/letaky/billa" class="product_link_history" data-product="pivo-premium-lobkowicz" title="BILLA leták">
                            <img src="https://img.kupi.cz/kupi/thumbs/loga_shopy/billa_80.png" alt="BILLA leták" width="50">
                        </a>
                                    </td>

                <td class="discounts_shop_info">
                    <span class="discounts_shop_name">
                        <a href="/letaky/billa" class="product_link_history" data-product="pivo-premium-lobkowicz" title="BILLA">
                            <span>
                                                                    BILLA
                                                                                                                                                                            </span>
                        </a>

                                                                    </span>

                    
                                            <div class="discounts_markets">
                                                            <a href="/obchod/billa/billa-brno-podperova" title="BILLA" data-shop="BILLA" class="product_link_history" data-product="pivo-premium-lobkowicz">platí pro 14 nejbližších poboček</a>
                                                    </div>
                                    </td>

                <td class="text-left discounts_price">
                    <span class="discount_price_label">cena</span>
                    <div class="left">
                        <strong class="discount_price_value">14,90&nbsp;Kč</strong>
                    </div>

                                            <div class="discount_amount left">
                            &nbsp;/&nbsp;0.5 l                        </div>
                    
                    
                    <div class="clear"></div>

                    <span style="font-size: 12px;">
                                                                                                29,80&nbsp;Kč&nbsp;/&nbsp;1&nbsp;l                                                                                    </span>

                    
                                            <div class="discount_note">
                            plech                        </div>
                                    </td>

                <td class="text-left discounts_validity valid_discount">
                                                                        platí do neděle <span style="white-space: nowrap;">25. 9. </span>
                                                            </td>

                <td class="discounts_list_add">

                                            <div class="add_list_wrap">
                        


    
                                
        
        <div class="save_item_content nologin_save_item icon_only "
             data-idf="product_discounts_73915">
			<span class="link_content">
                
    <span class="spinner-absolute spinner-btn no_content hdn"><span class="js-loader"></span></span>

                <a data-rustmp="1" data-action="click" data-fn="rusInit" href="#"
                   aria-label="Přidat produkt do oblíbených - nutné přihlášení uživatele" style="line-height: 0;"
                   class="toggle_saved_item btn btn_default top_link link_heart " data-idf="product_discounts_73915" data-type="product"
                   data-item="73915"><span>Přidat produkt do oblíbených</span></a>
			</span>
                    </div>
                            </div>
                    
                                            <a data-product-id="73915" href="#5128649" role="button" aria-label="Přidat Pivo Premium Lobkowicz do nákupního seznamu" data-shop="5" data-price="14.9" data-product="Pivo Premium Lobkowicz" class="btn btn_colored btn_list_add no_login">Přidat</a>
                                    </td>
            </tr>
                        </table>
    
    <div class="discounts_show_all_shops only_discount" data-product="73915" style="display: none;">
        <a role="button" href="#73915" class="purple_link discount_all_shops only_discount">Další obchody (<span>-3</span>)</a>
    </div>
</div>

    <div class="product_price_from">
        od <strong>14,90&nbsp;Kč</strong>
    </div>
                            <div class="clear"></div>
        </div>

        
        
        
    

    
        <div class="group_discounts active" data-page="3">
            <div class="absolute product_target" id="45459" style="top: -80px;"></div>

            <div class="product_image">
                <a href="/sleva/pivo-svetly-lezak-bez-lepku-12-premium-ferdinand" title="Pivo světlý ležák bez lepku 12° Premium Ferdinand" aria-hidden="true" tabindex="-1" class="open_detail" class="product_link_history" data-product-id="45459" data-product="pivo-svetly-lezak-bez-lepku-12-premium-ferdinand">
                    <img src="/img/no_img/no_discounts.png"
                         data-src="https://img.kupi.cz/kupi/thumbs/bezlepkove-pivo-svetly-lezak-12-premium-ferdinand_box_120_140.jpg"
                         alt="Pivo světlý ležák bez lepku 12° Premium Ferdinand">
                </a>
                <span class="label-supplement">ilustrační obrázek</span>
            </div>

            <div class="relative product_discounts">
                <div class="wide left">
                    <div class="relative product_name_around" style="margin-right: 32px;">
                        <div data-product="45459" class="log_product product_name wide">
                            <h2>
                                <a title="Pivo světlý ležák bez lepku 12° Premium Ferdinand" aria-label="Pivo světlý ležák bez lepku 12° Premium Ferdinand v akci za 18,90 Kč" href="/sleva/pivo-svetly-lezak-bez-lepku-12-premium-ferdinand" class="product_link_history" data-product="pivo-svetly-lezak-bez-lepku-12-premium-ferdinand">
                                    <strong>Pivo světlý ležák bez lepku 12° Premium Ferdinand</strong>
                                </a>

                                <span class="nowrap">
                                                                                                                                                                        <span>0.5 l</span>
                                                                                                                        
                                                                    </span>
                            </h2>

                            <div class="product_my_leaflet">
                                


    
                                
        
        <div class="save_item_content nologin_save_item  "
             data-idf="product_discounts_45459">
			<span class="link_content">
                
    <span class="spinner-absolute spinner-btn no_content hdn"><span class="js-loader"></span></span>

                <a data-rustmp="1" data-action="click" data-fn="rusInit" href="#"
                   aria-label="Přidat produkt do oblíbených - nutné přihlášení uživatele" style="line-height: 0;"
                   class="toggle_saved_item btn btn_default top_link link_heart " data-idf="product_discounts_45459" data-type="product"
                   data-item="45459"><span>Přidat produkt do oblíbených</span></a>
			</span>
                            <span class="saved_item_text">
                                                            Zapněte si oblíbené a upozorníme vás na novou akci
                                    		    </span>
                    </div>
                                </div>

                                                                                        <div id="price_45459" class="avg_price">Běžná cena: <span>23,90</span>&nbsp;Kč</div>
                            
                        </div>
                    </div>
                </div>
            </div>

            <div class="clear"></div>
                                    
    
<div class="relative product_discounts product_discounts_overview" id="product_45459">
    <table class="wide discounts_table">

                            
                        
                                        
            <tr data-product="45459" data-discount="5117795" class="log_discount discount_row only_discount" data-key="0.5-l" id="discount_5117795">
                <td width="60" class="text-left discounts_shop_image">
                                            <a href="/letaky/globus" class="product_link_history" data-product="pivo-svetly-lezak-bez-lepku-12-premium-ferdinand" title="Globus leták">
                            <img src="https://img.kupi.cz/kupi/thumbs/loga_shopy/globus_80.png" alt="Globus leták" width="50">
                        </a>
                                    </td>

                <td class="discounts_shop_info">
                    <span class="discounts_shop_name">
                        <a href="/letaky/globus" class="product_link_history" data-product="pivo-svetly-lezak-bez-lepku-12-premium-ferdinand" title="Globus">
                            <span>
                                                                    Globus
                                                                                                                                                                            </span>
                        </a>

                                                                    </span>

                    
                                            <div class="discounts_markets">
                                                            <a href="/obchod/globus/globus-brno-ivanovice" title="Globus" data-shop="Globus" class="product_link_history" data-product="pivo-svetly-lezak-bez-lepku-12-premium-ferdinand">platí pro 1 nejbližší pobočku</a>
                                                    </div>
                                    </td>

                <td class="text-left discounts_price">
                    <span class="discount_price_label">cena</span>
                    <div class="left">
                        <strong class="discount_price_value">18,90&nbsp;Kč</strong>
                    </div>

                                            <div class="discount_amount left">
                            &nbsp;/&nbsp;0.5 l                        </div>
                    
                                            <div class="discount_percentage">&ndash;21&nbsp;%</div>
                    
                    <div class="clear"></div>

                    <span style="font-size: 12px;">
                                                                                                37,80&nbsp;Kč&nbsp;/&nbsp;1&nbsp;l                                                                                    </span>

                    
                                            <div class="discount_note">
                            +3 Kč záloha na láhev                        </div>
                                    </td>

                <td class="text-left discounts_validity valid_discount">
                                                                        platí do středy <span style="white-space: nowrap;">21. 9. </span>
                                                            </td>

                <td class="discounts_list_add">

                                            <div class="add_list_wrap">
                        


    
                                
        
        <div class="save_item_content nologin_save_item icon_only "
             data-idf="product_discounts_45459">
			<span class="link_content">
                
    <span class="spinner-absolute spinner-btn no_content hdn"><span class="js-loader"></span></span>

                <a data-rustmp="1" data-action="click" data-fn="rusInit" href="#"
                   aria-label="Přidat produkt do oblíbených - nutné přihlášení uživatele" style="line-height: 0;"
                   class="toggle_saved_item btn btn_default top_link link_heart " data-idf="product_discounts_45459" data-type="product"
                   data-item="45459"><span>Přidat produkt do oblíbených</span></a>
			</span>
                    </div>
                            </div>
                    
                                            <a data-product-id="45459" href="#5117795" role="button" aria-label="Přidat Pivo světlý ležák bez lepku 12° Premium Ferdinand do nákupního seznamu" data-shop="27" data-price="18.9" data-product="Pivo světlý ležák bez lepku 12° Premium Ferdinand" class="btn btn_colored btn_list_add no_login">Přidat</a>
                                    </td>
            </tr>
                        </table>
    
    <div class="discounts_show_all_shops only_discount" data-product="45459" style="display: none;">
        <a role="button" href="#45459" class="purple_link discount_all_shops only_discount">Další obchody (<span>-3</span>)</a>
    </div>
</div>

    <div class="product_price_from">
        od <strong>18,90&nbsp;Kč</strong>
    </div>
                            <div class="clear"></div>
        </div>

        
        
        
    

    
        <div class="group_discounts active" data-page="3">
            <div class="absolute product_target" id="396862" style="top: -80px;"></div>

            <div class="product_image">
                <a href="/sleva/pivo-silne-tmave-cerna-barbora-13-ostravar" title="Pivo silné tmavé Černá Barbora 13° Ostravar" aria-hidden="true" tabindex="-1" class="open_detail" class="product_link_history" data-product-id="396862" data-product="pivo-silne-tmave-cerna-barbora-13-ostravar">
                    <img src="/img/no_img/no_discounts.png"
                         data-src="https://img.kupi.cz/kupi/thumbs/pivo-cerna-barbora-13-ostravar_box_120_140.jpg"
                         alt="Pivo silné tmavé Černá Barbora 13° Ostravar">
                </a>
                <span class="label-supplement">ilustrační obrázek</span>
            </div>

            <div class="relative product_discounts">
                <div class="wide left">
                    <div class="relative product_name_around" style="margin-right: 32px;">
                        <div data-product="396862" class="log_product product_name wide">
                            <h2>
                                <a title="Pivo silné tmavé Černá Barbora 13° Ostravar" aria-label="Pivo silné tmavé Černá Barbora 13° Ostravar v akci za 16,90 Kč" href="/sleva/pivo-silne-tmave-cerna-barbora-13-ostravar" class="product_link_history" data-product="pivo-silne-tmave-cerna-barbora-13-ostravar">
                                    <strong>Pivo silné tmavé Černá Barbora 13° Ostravar</strong>
                                </a>

                                <span class="nowrap">
                                                                                                                                                                        <span>0.5 l</span>
                                                                                                                        
                                                                    </span>
                            </h2>

                            <div class="product_my_leaflet">
                                


    
                                
        
        <div class="save_item_content nologin_save_item  "
             data-idf="product_discounts_396862">
			<span class="link_content">
                
    <span class="spinner-absolute spinner-btn no_content hdn"><span class="js-loader"></span></span>

                <a data-rustmp="1" data-action="click" data-fn="rusInit" href="#"
                   aria-label="Přidat produkt do oblíbených - nutné přihlášení uživatele" style="line-height: 0;"
                   class="toggle_saved_item btn btn_default top_link link_heart " data-idf="product_discounts_396862" data-type="product"
                   data-item="396862"><span>Přidat produkt do oblíbených</span></a>
			</span>
                            <span class="saved_item_text">
                                                            Zapněte si oblíbené a upozorníme vás na novou akci
                                    		    </span>
                    </div>
                                </div>

                                                                                        <div id="price_396862" class="avg_price">Běžná cena: <span>23,63</span>&nbsp;Kč</div>
                            
                        </div>
                    </div>
                </div>
            </div>

            <div class="clear"></div>
                                    
    
<div class="relative product_discounts product_discounts_overview" id="product_396862">
    <table class="wide discounts_table">

                            
                        
                                        
            <tr data-product="396862" data-discount="5113292" class="log_discount discount_row only_discount" data-key="0.5-l" id="discount_5113292">
                <td width="60" class="text-left discounts_shop_image">
                                            <a href="/letaky/albert" class="product_link_history" data-product="pivo-silne-tmave-cerna-barbora-13-ostravar" title="Albert leták">
                            <img src="https://img.kupi.cz/kupi/thumbs/loga_shopy/albert-hypermarket_80.png" alt="Albert leták" width="50">
                        </a>
                                    </td>

                <td class="discounts_shop_info">
                    <span class="discounts_shop_name">
                        <a href="/letaky/albert" class="product_link_history" data-product="pivo-silne-tmave-cerna-barbora-13-ostravar" title="Albert">
                            <span>
                                                                    Albert
                                                                                                                        hypermarket
                                                                                                                                        </span>
                        </a>

                                                                    </span>

                    
                                            <div class="discounts_markets">
                                                            <a href="/obchod/albert/albert-brno-tkalcovska" title="Albert" data-shop="Albert" class="product_link_history" data-product="pivo-silne-tmave-cerna-barbora-13-ostravar">platí pro 5 nejbližších poboček</a>
                                                    </div>
                                    </td>

                <td class="text-left discounts_price">
                    <span class="discount_price_label">cena</span>
                    <div class="left">
                        <strong class="discount_price_value">16,90&nbsp;Kč</strong>
                    </div>

                                            <div class="discount_amount left">
                            &nbsp;/&nbsp;0.5 l                        </div>
                    
                                            <div class="discount_percentage">&ndash;29&nbsp;%</div>
                    
                    <div class="clear"></div>

                    <span style="font-size: 12px;">
                                                                                                33,80&nbsp;Kč&nbsp;/&nbsp;1&nbsp;l                                                                                    </span>

                    
                                            <div class="discount_note">
                            plech                        </div>
                                    </td>

                <td class="text-left discounts_validity valid_discount">
                                                                        platí do středy <span style="white-space: nowrap;">28. 9. </span>
                                                            </td>

                <td class="discounts_list_add">

                                            <div class="add_list_wrap">
                        


    
                                
        
        <div class="save_item_content nologin_save_item icon_only "
             data-idf="product_discounts_396862">
			<span class="link_content">
                
    <span class="spinner-absolute spinner-btn no_content hdn"><span class="js-loader"></span></span>

                <a data-rustmp="1" data-action="click" data-fn="rusInit" href="#"
                   aria-label="Přidat produkt do oblíbených - nutné přihlášení uživatele" style="line-height: 0;"
                   class="toggle_saved_item btn btn_default top_link link_heart " data-idf="product_discounts_396862" data-type="product"
                   data-item="396862"><span>Přidat produkt do oblíbených</span></a>
			</span>
                    </div>
                            </div>
                    
                                            <a data-product-id="396862" href="#5113292" role="button" aria-label="Přidat Pivo silné tmavé Černá Barbora 13° Ostravar do nákupního seznamu" data-shop="3" data-price="16.9" data-product="Pivo silné tmavé Černá Barbora 13° Ostravar" class="btn btn_colored btn_list_add no_login">Přidat</a>
                                    </td>
            </tr>
                    
            
            <tr data-product="396862" data-discount="5143559" class="log_discount discount_row only_discount" data-key="0.5-l" id="discount_5143559">
                <td width="60" class="text-left discounts_shop_image">
                                            <a href="/letaky/globus" class="product_link_history" data-product="pivo-silne-tmave-cerna-barbora-13-ostravar" title="Globus leták">
                            <img src="https://img.kupi.cz/kupi/thumbs/loga_shopy/globus_80.png" alt="Globus leták" width="50">
                        </a>
                                    </td>

                <td class="discounts_shop_info">
                    <span class="discounts_shop_name">
                        <a href="/letaky/globus" class="product_link_history" data-product="pivo-silne-tmave-cerna-barbora-13-ostravar" title="Globus">
                            <span>
                                                                    Globus
                                                                                                                                                                            </span>
                        </a>

                                                                    </span>

                    
                                            <div class="discounts_markets">
                                                            <a href="/obchod/globus/globus-brno-ivanovice" title="Globus" data-shop="Globus" class="product_link_history" data-product="pivo-silne-tmave-cerna-barbora-13-ostravar">platí pro 1 nejbližší pobočku</a>
                                                    </div>
                                    </td>

                <td class="text-left discounts_price">
                    <span class="discount_price_label">cena</span>
                    <div class="left">
                        <strong class="discount_price_value">16,90&nbsp;Kč</strong>
                    </div>

                                            <div class="discount_amount left">
                            &nbsp;/&nbsp;0.5 l                        </div>
                    
                                            <div class="discount_percentage">&ndash;29&nbsp;%</div>
                    
                    <div class="clear"></div>

                    <span style="font-size: 12px;">
                                                                                                33,80&nbsp;Kč&nbsp;/&nbsp;1&nbsp;l                                                                                    </span>

                    
                                            <div class="discount_note">
                            plech                        </div>
                                    </td>

                <td class="text-left discounts_validity valid_discount">
                                                                        platí do středy <span style="white-space: nowrap;">21. 9. </span>
                                                            </td>

                <td class="discounts_list_add">

                                            <div class="add_list_wrap">
                        


    
                                
        
        <div class="save_item_content nologin_save_item icon_only "
             data-idf="product_discounts_396862">
			<span class="link_content">
                
    <span class="spinner-absolute spinner-btn no_content hdn"><span class="js-loader"></span></span>

                <a data-rustmp="1" data-action="click" data-fn="rusInit" href="#"
                   aria-label="Přidat produkt do oblíbených - nutné přihlášení uživatele" style="line-height: 0;"
                   class="toggle_saved_item btn btn_default top_link link_heart " data-idf="product_discounts_396862" data-type="product"
                   data-item="396862"><span>Přidat produkt do oblíbených</span></a>
			</span>
                    </div>
                            </div>
                    
                                            <a data-product-id="396862" href="#5143559" role="button" aria-label="Přidat Pivo silné tmavé Černá Barbora 13° Ostravar do nákupního seznamu" data-shop="27" data-price="16.9" data-product="Pivo silné tmavé Černá Barbora 13° Ostravar" class="btn btn_colored btn_list_add no_login">Přidat</a>
                                    </td>
            </tr>
                    
            
            <tr data-product="396862" data-discount="5128613" class="log_discount discount_row only_discount" data-key="0.5-l" id="discount_5128613">
                <td width="60" class="text-left discounts_shop_image">
                                            <a href="/letaky/billa" class="product_link_history" data-product="pivo-silne-tmave-cerna-barbora-13-ostravar" title="BILLA leták">
                            <img src="https://img.kupi.cz/kupi/thumbs/loga_shopy/billa_80.png" alt="BILLA leták" width="50">
                        </a>
                                    </td>

                <td class="discounts_shop_info">
                    <span class="discounts_shop_name">
                        <a href="/letaky/billa" class="product_link_history" data-product="pivo-silne-tmave-cerna-barbora-13-ostravar" title="BILLA">
                            <span>
                                                                    BILLA
                                                                                                                                                                            </span>
                        </a>

                                                                    </span>

                    
                                            <div class="discounts_markets">
                                                            <a href="/obchod/billa/billa-brno-podperova" title="BILLA" data-shop="BILLA" class="product_link_history" data-product="pivo-silne-tmave-cerna-barbora-13-ostravar">platí pro 14 nejbližších poboček</a>
                                                    </div>
                                    </td>

                <td class="text-left discounts_price">
                    <span class="discount_price_label">cena</span>
                    <div class="left">
                        <strong class="discount_price_value">16,90&nbsp;Kč</strong>
                    </div>

                                            <div class="discount_amount left">
                            &nbsp;/&nbsp;0.5 l                        </div>
                    
                    
                    <div class="clear"></div>

                    <span style="font-size: 12px;">
                                                                                                33,80&nbsp;Kč&nbsp;/&nbsp;1&nbsp;l                                                                                    </span>

                    
                                            <div class="discount_note">
                            plech                        </div>
                                    </td>

                <td class="text-left discounts_validity valid_discount">
                                                                        platí do neděle <span style="white-space: nowrap;">25. 9. </span>
                                                            </td>

                <td class="discounts_list_add">

                                            <div class="add_list_wrap">
                        


    
                                
        
        <div class="save_item_content nologin_save_item icon_only "
             data-idf="product_discounts_396862">
			<span class="link_content">
                
    <span class="spinner-absolute spinner-btn no_content hdn"><span class="js-loader"></span></span>

                <a data-rustmp="1" data-action="click" data-fn="rusInit" href="#"
                   aria-label="Přidat produkt do oblíbených - nutné přihlášení uživatele" style="line-height: 0;"
                   class="toggle_saved_item btn btn_default top_link link_heart " data-idf="product_discounts_396862" data-type="product"
                   data-item="396862"><span>Přidat produkt do oblíbených</span></a>
			</span>
                    </div>
                            </div>
                    
                                            <a data-product-id="396862" href="#5128613" role="button" aria-label="Přidat Pivo silné tmavé Černá Barbora 13° Ostravar do nákupního seznamu" data-shop="5" data-price="16.9" data-product="Pivo silné tmavé Černá Barbora 13° Ostravar" class="btn btn_colored btn_list_add no_login">Přidat</a>
                                    </td>
            </tr>
                    
            
            <tr data-product="396862" data-discount="5145308" class="log_discount discount_row only_discount" data-key="0.5-l" id="discount_5145308">
                <td width="60" class="text-left discounts_shop_image">
                                            <a href="/letaky/cba" class="product_link_history" data-product="pivo-silne-tmave-cerna-barbora-13-ostravar" title="CBA leták">
                            <img src="https://img.kupi.cz/kupi/thumbs/loga_shopy/cba_80.png" alt="CBA leták" width="50">
                        </a>
                                    </td>

                <td class="discounts_shop_info">
                    <span class="discounts_shop_name">
                        <a href="/letaky/cba" class="product_link_history" data-product="pivo-silne-tmave-cerna-barbora-13-ostravar" title="CBA">
                            <span>
                                                                    CBA
                                                                                                                                                                            </span>
                        </a>

                                                                    </span>

                    
                                            <div class="discounts_markets">
                                                            <a href="/obchod/cba/potraviny-duha" title="CBA" data-shop="CBA" class="product_link_history" data-product="pivo-silne-tmave-cerna-barbora-13-ostravar">platí pro 18 nejbližších poboček</a>
                                                    </div>
                                    </td>

                <td class="text-left discounts_price price_future_discount">
                    <span class="discount_price_label">cena</span>
                    <div class="left">
                        <strong class="discount_price_value">17,90&nbsp;Kč</strong>
                    </div>

                                            <div class="discount_amount left">
                            &nbsp;/&nbsp;0.5 l                        </div>
                    
                    
                    <div class="clear"></div>

                    <span style="font-size: 12px;">
                                                                                                35,80&nbsp;Kč&nbsp;/&nbsp;1&nbsp;l                                                                                    </span>

                    
                                            <div class="discount_note">
                            plech, pouze ve vybraných prodejnách                        </div>
                                    </td>

                <td class="text-left discounts_validity">
                                                                        st 14. 9.  &ndash; út 20. 9. 
                                                            </td>

                <td class="discounts_list_add">

                                            <div class="add_list_wrap">
                        


    
                                
        
        <div class="save_item_content nologin_save_item icon_only "
             data-idf="product_discounts_396862">
			<span class="link_content">
                
    <span class="spinner-absolute spinner-btn no_content hdn"><span class="js-loader"></span></span>

                <a data-rustmp="1" data-action="click" data-fn="rusInit" href="#"
                   aria-label="Přidat produkt do oblíbených - nutné přihlášení uživatele" style="line-height: 0;"
                   class="toggle_saved_item btn btn_default top_link link_heart " data-idf="product_discounts_396862" data-type="product"
                   data-item="396862"><span>Přidat produkt do oblíbených</span></a>
			</span>
                    </div>
                            </div>
                    
                                            <a data-product-id="396862" href="#5145308" role="button" aria-label="Přidat Pivo silné tmavé Černá Barbora 13° Ostravar do nákupního seznamu" data-shop="257" data-price="17.9" data-product="Pivo silné tmavé Černá Barbora 13° Ostravar" class="btn btn_colored btn_list_add no_login">Přidat</a>
                                    </td>
            </tr>
                    
            
            <tr data-product="396862" data-discount="5141000" class="log_discount discount_row only_discount hidden_discount" data-key="0.5-l" id="discount_5141000">
                <td width="60" class="text-left discounts_shop_image">
                                            <a href="/letaky/cba" class="product_link_history" data-product="pivo-silne-tmave-cerna-barbora-13-ostravar" title="CBA leták">
                            <img src="https://img.kupi.cz/kupi/thumbs/loga_shopy/cba_80.png" alt="CBA leták" width="50">
                        </a>
                                    </td>

                <td class="discounts_shop_info">
                    <span class="discounts_shop_name">
                        <a href="/letaky/cba" class="product_link_history" data-product="pivo-silne-tmave-cerna-barbora-13-ostravar" title="CBA">
                            <span>
                                                                    CBA
                                                                                                                                                                            </span>
                        </a>

                                                                    </span>

                    
                                            <div class="discounts_markets">
                                                            <a href="/obchod/cba/potraviny-4" title="CBA" data-shop="CBA" class="product_link_history" data-product="pivo-silne-tmave-cerna-barbora-13-ostravar">platí pro 32 nejbližších poboček</a>
                                                    </div>
                                    </td>

                <td class="text-left discounts_price price_future_discount">
                    <span class="discount_price_label">cena</span>
                    <div class="left">
                        <strong class="discount_price_value">17,90&nbsp;Kč</strong>
                    </div>

                                            <div class="discount_amount left">
                            &nbsp;/&nbsp;0.5 l                        </div>
                    
                    
                    <div class="clear"></div>

                    <span style="font-size: 12px;">
                                                                                                35,80&nbsp;Kč&nbsp;/&nbsp;1&nbsp;l                                                                                    </span>

                    
                                            <div class="discount_note">
                            plech, pouze ve vybraných prodejnách                        </div>
                                    </td>

                <td class="text-left discounts_validity">
                                                                        st 14. 9.  &ndash; ne 25. 9. 
                                                            </td>

                <td class="discounts_list_add">

                                            <div class="add_list_wrap">
                        


    
                                
        
        <div class="save_item_content nologin_save_item icon_only "
             data-idf="product_discounts_396862">
			<span class="link_content">
                
    <span class="spinner-absolute spinner-btn no_content hdn"><span class="js-loader"></span></span>

                <a data-rustmp="1" data-action="click" data-fn="rusInit" href="#"
                   aria-label="Přidat produkt do oblíbených - nutné přihlášení uživatele" style="line-height: 0;"
                   class="toggle_saved_item btn btn_default top_link link_heart " data-idf="product_discounts_396862" data-type="product"
                   data-item="396862"><span>Přidat produkt do oblíbených</span></a>
			</span>
                    </div>
                            </div>
                    
                                            <a data-product-id="396862" href="#5141000" role="button" aria-label="Přidat Pivo silné tmavé Černá Barbora 13° Ostravar do nákupního seznamu" data-shop="257" data-price="17.9" data-product="Pivo silné tmavé Černá Barbora 13° Ostravar" class="btn btn_colored btn_list_add no_login">Přidat</a>
                                    </td>
            </tr>
                    
            
            <tr data-product="396862" data-discount="5099977" class="log_discount discount_row only_discount hidden_discount" data-key="0.5-l" id="discount_5099977">
                <td width="60" class="text-left discounts_shop_image">
                                            <a href="/letaky/cba" class="product_link_history" data-product="pivo-silne-tmave-cerna-barbora-13-ostravar" title="CBA leták">
                            <img src="https://img.kupi.cz/kupi/thumbs/loga_shopy/cba_80.png" alt="CBA leták" width="50">
                        </a>
                                    </td>

                <td class="discounts_shop_info">
                    <span class="discounts_shop_name">
                        <a href="/letaky/cba" class="product_link_history" data-product="pivo-silne-tmave-cerna-barbora-13-ostravar" title="CBA">
                            <span>
                                                                    CBA
                                                                                                                                                                            </span>
                        </a>

                                                                    </span>

                    
                                            <div class="discounts_markets">
                                                            <a href="/obchod/cba/potraviny-4" title="CBA" data-shop="CBA" class="product_link_history" data-product="pivo-silne-tmave-cerna-barbora-13-ostravar">platí pro 31 nejbližších poboček</a>
                                                    </div>
                                    </td>

                <td class="text-left discounts_price">
                    <span class="discount_price_label">cena</span>
                    <div class="left">
                        <strong class="discount_price_value">17,90&nbsp;Kč</strong>
                    </div>

                                            <div class="discount_amount left">
                            &nbsp;/&nbsp;0.5 l                        </div>
                    
                    
                    <div class="clear"></div>

                    <span style="font-size: 12px;">
                                                                                                35,80&nbsp;Kč&nbsp;/&nbsp;1&nbsp;l                                                                                    </span>

                    
                                            <div class="discount_note">
                            plech, pouze ve vybraných prodejnách                        </div>
                                    </td>

                <td class="text-left discounts_validity valid_discount">
                                                                        dnes končí
                                                            </td>

                <td class="discounts_list_add">

                                            <div class="add_list_wrap">
                        


    
                                
        
        <div class="save_item_content nologin_save_item icon_only "
             data-idf="product_discounts_396862">
			<span class="link_content">
                
    <span class="spinner-absolute spinner-btn no_content hdn"><span class="js-loader"></span></span>

                <a data-rustmp="1" data-action="click" data-fn="rusInit" href="#"
                   aria-label="Přidat produkt do oblíbených - nutné přihlášení uživatele" style="line-height: 0;"
                   class="toggle_saved_item btn btn_default top_link link_heart " data-idf="product_discounts_396862" data-type="product"
                   data-item="396862"><span>Přidat produkt do oblíbených</span></a>
			</span>
                    </div>
                            </div>
                    
                                            <a data-product-id="396862" href="#5099977" role="button" aria-label="Přidat Pivo silné tmavé Černá Barbora 13° Ostravar do nákupního seznamu" data-shop="257" data-price="17.9" data-product="Pivo silné tmavé Černá Barbora 13° Ostravar" class="btn btn_colored btn_list_add no_login">Přidat</a>
                                    </td>
            </tr>
                        </table>
    
    <div class="discounts_show_all_shops only_discount" data-product="396862">
        <a role="button" href="#396862" class="purple_link discount_all_shops only_discount">Další obchody (<span>2</span>)</a>
    </div>
</div>

    <div class="product_price_from">
        od <strong>16,90&nbsp;Kč</strong>
    </div>
                            <div class="clear"></div>
        </div>

        
        
        
    

    
        <div class="group_discounts active" data-page="3">
            <div class="absolute product_target" id="223050" style="top: -80px;"></div>

            <div class="product_image">
                <a href="/sleva/pivo-svetle-psenicne-white-hoegaarden" title="Pivo světlé pšeničné White Hoegaarden" aria-hidden="true" tabindex="-1" class="open_detail" class="product_link_history" data-product-id="223050" data-product="pivo-svetle-psenicne-white-hoegaarden">
                    <img src="/img/no_img/no_discounts.png"
                         data-src="https://img.kupi.cz/kupi/thumbs/pivo-svetle-psenicne-white-hoegaarden_box_120_140.jpg"
                         alt="Pivo světlé pšeničné White Hoegaarden">
                </a>
                <span class="label-supplement">ilustrační obrázek</span>
            </div>

            <div class="relative product_discounts">
                <div class="wide left">
                    <div class="relative product_name_around" style="margin-right: 32px;">
                        <div data-product="223050" class="log_product product_name wide">
                            <h2>
                                <a title="Pivo světlé pšeničné White Hoegaarden" aria-label="Pivo světlé pšeničné White Hoegaarden v akci za 24,08 Kč" href="/sleva/pivo-svetle-psenicne-white-hoegaarden" class="product_link_history" data-product="pivo-svetle-psenicne-white-hoegaarden">
                                    <strong>Pivo světlé pšeničné White Hoegaarden</strong>
                                </a>

                                <span class="nowrap">
                                                                                                                                                                        <span>0.33 l</span>
                                                                                                                        
                                                                    </span>
                            </h2>

                            <div class="product_my_leaflet">
                                


    
                                
        
        <div class="save_item_content nologin_save_item  "
             data-idf="product_discounts_223050">
			<span class="link_content">
                
    <span class="spinner-absolute spinner-btn no_content hdn"><span class="js-loader"></span></span>

                <a data-rustmp="1" data-action="click" data-fn="rusInit" href="#"
                   aria-label="Přidat produkt do oblíbených - nutné přihlášení uživatele" style="line-height: 0;"
                   class="toggle_saved_item btn btn_default top_link link_heart " data-idf="product_discounts_223050" data-type="product"
                   data-item="223050"><span>Přidat produkt do oblíbených</span></a>
			</span>
                            <span class="saved_item_text">
                                                            Zapněte si oblíbené a upozorníme vás na novou akci
                                    		    </span>
                    </div>
                                </div>

                                                                                        <div id="price_223050" class="avg_price">Běžná cena: <span>29,90</span>&nbsp;Kč</div>
                            
                        </div>
                    </div>
                </div>
            </div>

            <div class="clear"></div>
                                    
    
<div class="relative product_discounts product_discounts_overview" id="product_223050">
    <table class="wide discounts_table">

                            
                        
                                        
            <tr data-product="223050" data-discount="5118497" class="log_discount discount_row only_discount" data-key="0.33-l" id="discount_5118497">
                <td width="60" class="text-left discounts_shop_image">
                                            <a href="/letaky/makro" class="product_link_history" data-product="pivo-svetle-psenicne-white-hoegaarden" title="Makro leták">
                            <img src="https://img.kupi.cz/kupi/thumbs/loga_shopy/makro_80.png" alt="Makro leták" width="50">
                        </a>
                                    </td>

                <td class="discounts_shop_info">
                    <span class="discounts_shop_name">
                        <a href="/letaky/makro" class="product_link_history" data-product="pivo-svetle-psenicne-white-hoegaarden" title="Makro">
                            <span>
                                                                    Makro
                                                                                                                                                                            </span>
                        </a>

                                                                    </span>

                    
                                            <div class="discounts_markets">
                                                            <a href="/obchod/makro/makro-brno-turany" title="Makro" data-shop="Makro" class="product_link_history" data-product="pivo-svetle-psenicne-white-hoegaarden">platí pro 1 nejbližší pobočku</a>
                                                    </div>
                                    </td>

                <td class="text-left discounts_price">
                    <span class="discount_price_label">cena</span>
                    <div class="left">
                        <strong class="discount_price_value">24,08&nbsp;Kč</strong>
                    </div>

                                            <div class="discount_amount left">
                            &nbsp;/&nbsp;0.33 l                        </div>
                    
                    
                    <div class="clear"></div>

                    <span style="font-size: 12px;">
                                                                                                72,97&nbsp;Kč&nbsp;/&nbsp;1&nbsp;l                                                                                    </span>

                    
                                    </td>

                <td class="text-left discounts_validity valid_discount">
                                                                        platí do úterý <span style="white-space: nowrap;">13. 9. </span>
                                                            </td>

                <td class="discounts_list_add">

                                            <div class="add_list_wrap">
                        


    
                                
        
        <div class="save_item_content nologin_save_item icon_only "
             data-idf="product_discounts_223050">
			<span class="link_content">
                
    <span class="spinner-absolute spinner-btn no_content hdn"><span class="js-loader"></span></span>

                <a data-rustmp="1" data-action="click" data-fn="rusInit" href="#"
                   aria-label="Přidat produkt do oblíbených - nutné přihlášení uživatele" style="line-height: 0;"
                   class="toggle_saved_item btn btn_default top_link link_heart " data-idf="product_discounts_223050" data-type="product"
                   data-item="223050"><span>Přidat produkt do oblíbených</span></a>
			</span>
                    </div>
                            </div>
                    
                                            <a data-product-id="223050" href="#5118497" role="button" aria-label="Přidat Pivo světlé pšeničné White Hoegaarden do nákupního seznamu" data-shop="20" data-price="24.08" data-product="Pivo světlé pšeničné White Hoegaarden" class="btn btn_colored btn_list_add no_login">Přidat</a>
                                    </td>
            </tr>
                        </table>
    
    <div class="discounts_show_all_shops only_discount" data-product="223050" style="display: none;">
        <a role="button" href="#223050" class="purple_link discount_all_shops only_discount">Další obchody (<span>-3</span>)</a>
    </div>
</div>

    <div class="product_price_from">
        od <strong>24,08&nbsp;Kč</strong>
    </div>
                            <div class="clear"></div>
        </div>

        
        
        
    

    
        <div class="group_discounts active" data-page="3">
            <div class="absolute product_target" id="251418" style="top: -80px;"></div>

            <div class="product_image">
                <a href="/sleva/pivo-cerne-vycepni-kralovske-10-krusovice" title="Pivo černé výčepní královské 10° Krušovice" aria-hidden="true" tabindex="-1" class="open_detail" class="product_link_history" data-product-id="251418" data-product="pivo-cerne-vycepni-kralovske-10-krusovice">
                    <img src="/img/no_img/no_discounts.png"
                         data-src="https://img.kupi.cz/kupi/thumbs/pivo-cerne-vycepni-kralovske-10-krusovice_box_120_140.png"
                         alt="Pivo černé výčepní královské 10° Krušovice">
                </a>
                <span class="label-supplement">ilustrační obrázek</span>
            </div>

            <div class="relative product_discounts">
                <div class="wide left">
                    <div class="relative product_name_around" style="margin-right: 32px;">
                        <div data-product="251418" class="log_product product_name wide">
                            <h2>
                                <a title="Pivo černé výčepní královské 10° Krušovice" aria-label="Pivo černé výčepní královské 10° Krušovice v akci za 13,92 Kč" href="/sleva/pivo-cerne-vycepni-kralovske-10-krusovice" class="product_link_history" data-product="pivo-cerne-vycepni-kralovske-10-krusovice">
                                    <strong>Pivo černé výčepní královské 10° Krušovice</strong>
                                </a>

                                <span class="nowrap">
                                                                                                                                                                        <span>0.5 l</span>
                                                                                                                        
                                                                    </span>
                            </h2>

                            <div class="product_my_leaflet">
                                


    
                                
        
        <div class="save_item_content nologin_save_item  "
             data-idf="product_discounts_251418">
			<span class="link_content">
                
    <span class="spinner-absolute spinner-btn no_content hdn"><span class="js-loader"></span></span>

                <a data-rustmp="1" data-action="click" data-fn="rusInit" href="#"
                   aria-label="Přidat produkt do oblíbených - nutné přihlášení uživatele" style="line-height: 0;"
                   class="toggle_saved_item btn btn_default top_link link_heart " data-idf="product_discounts_251418" data-type="product"
                   data-item="251418"><span>Přidat produkt do oblíbených</span></a>
			</span>
                            <span class="saved_item_text">
                                                            Zapněte si oblíbené a upozorníme vás na novou akci
                                    		    </span>
                    </div>
                                </div>

                                                                                        <div id="price_251418" class="avg_price">Běžná cena: <span>18,90</span>&nbsp;Kč</div>
                            
                        </div>
                    </div>
                </div>
            </div>

            <div class="clear"></div>
                                    
    
<div class="relative product_discounts product_discounts_overview" id="product_251418">
    <table class="wide discounts_table">

                            
                        
                                        
            <tr data-product="251418" data-discount="5118536" class="log_discount discount_row only_discount" data-key="0.5-l" id="discount_5118536">
                <td width="60" class="text-left discounts_shop_image">
                                            <a href="/letaky/makro" class="product_link_history" data-product="pivo-cerne-vycepni-kralovske-10-krusovice" title="Makro leták">
                            <img src="https://img.kupi.cz/kupi/thumbs/loga_shopy/makro_80.png" alt="Makro leták" width="50">
                        </a>
                                    </td>

                <td class="discounts_shop_info">
                    <span class="discounts_shop_name">
                        <a href="/letaky/makro" class="product_link_history" data-product="pivo-cerne-vycepni-kralovske-10-krusovice" title="Makro">
                            <span>
                                                                    Makro
                                                                                                                                                                            </span>
                        </a>

                                                                    </span>

                    
                                            <div class="discounts_markets">
                                                            <a href="/obchod/makro/makro-brno-turany" title="Makro" data-shop="Makro" class="product_link_history" data-product="pivo-cerne-vycepni-kralovske-10-krusovice">platí pro 1 nejbližší pobočku</a>
                                                    </div>
                                    </td>

                <td class="text-left discounts_price">
                    <span class="discount_price_label">cena</span>
                    <div class="left">
                        <strong class="discount_price_value">13,92&nbsp;Kč</strong>
                    </div>

                                            <div class="discount_amount left">
                            &nbsp;/&nbsp;0.5 l                        </div>
                    
                    
                    <div class="clear"></div>

                    <span style="font-size: 12px;">
                                                                                                27,84&nbsp;Kč&nbsp;/&nbsp;1&nbsp;l                                                                                    </span>

                    
                                            <div class="discount_note">
                            plech, akční cena pouze při zakoupení 4x 0,5 l, 6x (4x 0,5 l)                        </div>
                                    </td>

                <td class="text-left discounts_validity valid_discount">
                                                                        platí do úterý <span style="white-space: nowrap;">13. 9. </span>
                                                            </td>

                <td class="discounts_list_add">

                                            <div class="add_list_wrap">
                        


    
                                
        
        <div class="save_item_content nologin_save_item icon_only "
             data-idf="product_discounts_251418">
			<span class="link_content">
                
    <span class="spinner-absolute spinner-btn no_content hdn"><span class="js-loader"></span></span>

                <a data-rustmp="1" data-action="click" data-fn="rusInit" href="#"
                   aria-label="Přidat produkt do oblíbených - nutné přihlášení uživatele" style="line-height: 0;"
                   class="toggle_saved_item btn btn_default top_link link_heart " data-idf="product_discounts_251418" data-type="product"
                   data-item="251418"><span>Přidat produkt do oblíbených</span></a>
			</span>
                    </div>
                            </div>
                    
                                            <a data-product-id="251418" href="#5118536" role="button" aria-label="Přidat Pivo černé výčepní královské 10° Krušovice do nákupního seznamu" data-shop="20" data-price="13.92" data-product="Pivo černé výčepní královské 10° Krušovice" class="btn btn_colored btn_list_add no_login">Přidat</a>
                                    </td>
            </tr>
                        </table>
    
    <div class="discounts_show_all_shops only_discount" data-product="251418" style="display: none;">
        <a role="button" href="#251418" class="purple_link discount_all_shops only_discount">Další obchody (<span>-3</span>)</a>
    </div>
</div>

    <div class="product_price_from">
        od <strong>13,92&nbsp;Kč</strong>
    </div>
                            <div class="clear"></div>
        </div>

        
        
        
    

    
        <div class="group_discounts active" data-page="3">
            <div class="absolute product_target" id="396859" style="top: -80px;"></div>

            <div class="product_image">
                <a href="/sleva/pivo-svetly-lezak-mustang-11-ostravar" title="Pivo světlý ležák Mustang 11° Ostravar" aria-hidden="true" tabindex="-1" class="open_detail" class="product_link_history" data-product-id="396859" data-product="pivo-svetly-lezak-mustang-11-ostravar">
                    <img src="/img/no_img/no_discounts.png"
                         data-src="https://img.kupi.cz/kupi/thumbs/pivo-mustang-11-ostravar_box_120_140.png"
                         alt="Pivo světlý ležák Mustang 11° Ostravar">
                </a>
                <span class="label-supplement">ilustrační obrázek</span>
            </div>

            <div class="relative product_discounts">
                <div class="wide left">
                    <div class="relative product_name_around" style="margin-right: 32px;">
                        <div data-product="396859" class="log_product product_name wide">
                            <h2>
                                <a title="Pivo světlý ležák Mustang 11° Ostravar" aria-label="Pivo světlý ležák Mustang 11° Ostravar v akci za 16,90 Kč" href="/sleva/pivo-svetly-lezak-mustang-11-ostravar" class="product_link_history" data-product="pivo-svetly-lezak-mustang-11-ostravar">
                                    <strong>Pivo světlý ležák Mustang 11° Ostravar</strong>
                                </a>

                                <span class="nowrap">
                                                                                                                                                                        <span>0.5 l</span>
                                                                                                                        
                                                                    </span>
                            </h2>

                            <div class="product_my_leaflet">
                                


    
                                
        
        <div class="save_item_content nologin_save_item  "
             data-idf="product_discounts_396859">
			<span class="link_content">
                
    <span class="spinner-absolute spinner-btn no_content hdn"><span class="js-loader"></span></span>

                <a data-rustmp="1" data-action="click" data-fn="rusInit" href="#"
                   aria-label="Přidat produkt do oblíbených - nutné přihlášení uživatele" style="line-height: 0;"
                   class="toggle_saved_item btn btn_default top_link link_heart " data-idf="product_discounts_396859" data-type="product"
                   data-item="396859"><span>Přidat produkt do oblíbených</span></a>
			</span>
                            <span class="saved_item_text">
                                                            Zapněte si oblíbené a upozorníme vás na novou akci
                                    		    </span>
                    </div>
                                </div>

                                                                                        <div id="price_396859" class="avg_price">Běžná cena: <span>23,65</span>&nbsp;Kč</div>
                            
                        </div>
                    </div>
                </div>
            </div>

            <div class="clear"></div>
                                    
    
<div class="relative product_discounts product_discounts_overview" id="product_396859">
    <table class="wide discounts_table">

                            
                        
                                        
            <tr data-product="396859" data-discount="5113295" class="log_discount discount_row only_discount" data-key="0.5-l" id="discount_5113295">
                <td width="60" class="text-left discounts_shop_image">
                                            <a href="/letaky/albert" class="product_link_history" data-product="pivo-svetly-lezak-mustang-11-ostravar" title="Albert leták">
                            <img src="https://img.kupi.cz/kupi/thumbs/loga_shopy/albert-hypermarket_80.png" alt="Albert leták" width="50">
                        </a>
                                    </td>

                <td class="discounts_shop_info">
                    <span class="discounts_shop_name">
                        <a href="/letaky/albert" class="product_link_history" data-product="pivo-svetly-lezak-mustang-11-ostravar" title="Albert">
                            <span>
                                                                    Albert
                                                                                                                        hypermarket
                                                                                                                                        </span>
                        </a>

                                                                    </span>

                    
                                            <div class="discounts_markets">
                                                            <a href="/obchod/albert/albert-brno-tkalcovska" title="Albert" data-shop="Albert" class="product_link_history" data-product="pivo-svetly-lezak-mustang-11-ostravar">platí pro 5 nejbližších poboček</a>
                                                    </div>
                                    </td>

                <td class="text-left discounts_price">
                    <span class="discount_price_label">cena</span>
                    <div class="left">
                        <strong class="discount_price_value">16,90&nbsp;Kč</strong>
                    </div>

                                            <div class="discount_amount left">
                            &nbsp;/&nbsp;0.5 l                        </div>
                    
                                            <div class="discount_percentage">&ndash;29&nbsp;%</div>
                    
                    <div class="clear"></div>

                    <span style="font-size: 12px;">
                                                                                                33,80&nbsp;Kč&nbsp;/&nbsp;1&nbsp;l                                                                                    </span>

                    
                                            <div class="discount_note">
                            plech                        </div>
                                    </td>

                <td class="text-left discounts_validity valid_discount">
                                                                        platí do středy <span style="white-space: nowrap;">28. 9. </span>
                                                            </td>

                <td class="discounts_list_add">

                                            <div class="add_list_wrap">
                        


    
                                
        
        <div class="save_item_content nologin_save_item icon_only "
             data-idf="product_discounts_396859">
			<span class="link_content">
                
    <span class="spinner-absolute spinner-btn no_content hdn"><span class="js-loader"></span></span>

                <a data-rustmp="1" data-action="click" data-fn="rusInit" href="#"
                   aria-label="Přidat produkt do oblíbených - nutné přihlášení uživatele" style="line-height: 0;"
                   class="toggle_saved_item btn btn_default top_link link_heart " data-idf="product_discounts_396859" data-type="product"
                   data-item="396859"><span>Přidat produkt do oblíbených</span></a>
			</span>
                    </div>
                            </div>
                    
                                            <a data-product-id="396859" href="#5113295" role="button" aria-label="Přidat Pivo světlý ležák Mustang 11° Ostravar do nákupního seznamu" data-shop="3" data-price="16.9" data-product="Pivo světlý ležák Mustang 11° Ostravar" class="btn btn_colored btn_list_add no_login">Přidat</a>
                                    </td>
            </tr>
                    
            
            <tr data-product="396859" data-discount="5143562" class="log_discount discount_row only_discount" data-key="0.5-l" id="discount_5143562">
                <td width="60" class="text-left discounts_shop_image">
                                            <a href="/letaky/globus" class="product_link_history" data-product="pivo-svetly-lezak-mustang-11-ostravar" title="Globus leták">
                            <img src="https://img.kupi.cz/kupi/thumbs/loga_shopy/globus_80.png" alt="Globus leták" width="50">
                        </a>
                                    </td>

                <td class="discounts_shop_info">
                    <span class="discounts_shop_name">
                        <a href="/letaky/globus" class="product_link_history" data-product="pivo-svetly-lezak-mustang-11-ostravar" title="Globus">
                            <span>
                                                                    Globus
                                                                                                                                                                            </span>
                        </a>

                                                                    </span>

                    
                                            <div class="discounts_markets">
                                                            <a href="/obchod/globus/globus-brno-ivanovice" title="Globus" data-shop="Globus" class="product_link_history" data-product="pivo-svetly-lezak-mustang-11-ostravar">platí pro 1 nejbližší pobočku</a>
                                                    </div>
                                    </td>

                <td class="text-left discounts_price">
                    <span class="discount_price_label">cena</span>
                    <div class="left">
                        <strong class="discount_price_value">16,90&nbsp;Kč</strong>
                    </div>

                                            <div class="discount_amount left">
                            &nbsp;/&nbsp;0.5 l                        </div>
                    
                                            <div class="discount_percentage">&ndash;29&nbsp;%</div>
                    
                    <div class="clear"></div>

                    <span style="font-size: 12px;">
                                                                                                33,80&nbsp;Kč&nbsp;/&nbsp;1&nbsp;l                                                                                    </span>

                    
                                            <div class="discount_note">
                            plech                        </div>
                                    </td>

                <td class="text-left discounts_validity valid_discount">
                                                                        platí do středy <span style="white-space: nowrap;">21. 9. </span>
                                                            </td>

                <td class="discounts_list_add">

                                            <div class="add_list_wrap">
                        


    
                                
        
        <div class="save_item_content nologin_save_item icon_only "
             data-idf="product_discounts_396859">
			<span class="link_content">
                
    <span class="spinner-absolute spinner-btn no_content hdn"><span class="js-loader"></span></span>

                <a data-rustmp="1" data-action="click" data-fn="rusInit" href="#"
                   aria-label="Přidat produkt do oblíbených - nutné přihlášení uživatele" style="line-height: 0;"
                   class="toggle_saved_item btn btn_default top_link link_heart " data-idf="product_discounts_396859" data-type="product"
                   data-item="396859"><span>Přidat produkt do oblíbených</span></a>
			</span>
                    </div>
                            </div>
                    
                                            <a data-product-id="396859" href="#5143562" role="button" aria-label="Přidat Pivo světlý ležák Mustang 11° Ostravar do nákupního seznamu" data-shop="27" data-price="16.9" data-product="Pivo světlý ležák Mustang 11° Ostravar" class="btn btn_colored btn_list_add no_login">Přidat</a>
                                    </td>
            </tr>
                    
            
            <tr data-product="396859" data-discount="5128604" class="log_discount discount_row only_discount" data-key="0.5-l" id="discount_5128604">
                <td width="60" class="text-left discounts_shop_image">
                                            <a href="/letaky/billa" class="product_link_history" data-product="pivo-svetly-lezak-mustang-11-ostravar" title="BILLA leták">
                            <img src="https://img.kupi.cz/kupi/thumbs/loga_shopy/billa_80.png" alt="BILLA leták" width="50">
                        </a>
                                    </td>

                <td class="discounts_shop_info">
                    <span class="discounts_shop_name">
                        <a href="/letaky/billa" class="product_link_history" data-product="pivo-svetly-lezak-mustang-11-ostravar" title="BILLA">
                            <span>
                                                                    BILLA
                                                                                                                                                                            </span>
                        </a>

                                                                    </span>

                    
                                            <div class="discounts_markets">
                                                            <a href="/obchod/billa/billa-brno-podperova" title="BILLA" data-shop="BILLA" class="product_link_history" data-product="pivo-svetly-lezak-mustang-11-ostravar">platí pro 14 nejbližších poboček</a>
                                                    </div>
                                    </td>

                <td class="text-left discounts_price">
                    <span class="discount_price_label">cena</span>
                    <div class="left">
                        <strong class="discount_price_value">16,90&nbsp;Kč</strong>
                    </div>

                                            <div class="discount_amount left">
                            &nbsp;/&nbsp;0.5 l                        </div>
                    
                    
                    <div class="clear"></div>

                    <span style="font-size: 12px;">
                                                                                                33,80&nbsp;Kč&nbsp;/&nbsp;1&nbsp;l                                                                                    </span>

                    
                                            <div class="discount_note">
                            plech                        </div>
                                    </td>

                <td class="text-left discounts_validity valid_discount">
                                                                        platí do neděle <span style="white-space: nowrap;">25. 9. </span>
                                                            </td>

                <td class="discounts_list_add">

                                            <div class="add_list_wrap">
                        


    
                                
        
        <div class="save_item_content nologin_save_item icon_only "
             data-idf="product_discounts_396859">
			<span class="link_content">
                
    <span class="spinner-absolute spinner-btn no_content hdn"><span class="js-loader"></span></span>

                <a data-rustmp="1" data-action="click" data-fn="rusInit" href="#"
                   aria-label="Přidat produkt do oblíbených - nutné přihlášení uživatele" style="line-height: 0;"
                   class="toggle_saved_item btn btn_default top_link link_heart " data-idf="product_discounts_396859" data-type="product"
                   data-item="396859"><span>Přidat produkt do oblíbených</span></a>
			</span>
                    </div>
                            </div>
                    
                                            <a data-product-id="396859" href="#5128604" role="button" aria-label="Přidat Pivo světlý ležák Mustang 11° Ostravar do nákupního seznamu" data-shop="5" data-price="16.9" data-product="Pivo světlý ležák Mustang 11° Ostravar" class="btn btn_colored btn_list_add no_login">Přidat</a>
                                    </td>
            </tr>
                    
            
            <tr data-product="396859" data-discount="5145305" class="log_discount discount_row only_discount" data-key="0.5-l" id="discount_5145305">
                <td width="60" class="text-left discounts_shop_image">
                                            <a href="/letaky/cba" class="product_link_history" data-product="pivo-svetly-lezak-mustang-11-ostravar" title="CBA leták">
                            <img src="https://img.kupi.cz/kupi/thumbs/loga_shopy/cba_80.png" alt="CBA leták" width="50">
                        </a>
                                    </td>

                <td class="discounts_shop_info">
                    <span class="discounts_shop_name">
                        <a href="/letaky/cba" class="product_link_history" data-product="pivo-svetly-lezak-mustang-11-ostravar" title="CBA">
                            <span>
                                                                    CBA
                                                                                                                                                                            </span>
                        </a>

                                                                    </span>

                    
                                            <div class="discounts_markets">
                                                            <a href="/obchod/cba/potraviny-duha" title="CBA" data-shop="CBA" class="product_link_history" data-product="pivo-svetly-lezak-mustang-11-ostravar">platí pro 18 nejbližších poboček</a>
                                                    </div>
                                    </td>

                <td class="text-left discounts_price price_future_discount">
                    <span class="discount_price_label">cena</span>
                    <div class="left">
                        <strong class="discount_price_value">17,90&nbsp;Kč</strong>
                    </div>

                                            <div class="discount_amount left">
                            &nbsp;/&nbsp;0.5 l                        </div>
                    
                    
                    <div class="clear"></div>

                    <span style="font-size: 12px;">
                                                                                                35,80&nbsp;Kč&nbsp;/&nbsp;1&nbsp;l                                                                                    </span>

                    
                                            <div class="discount_note">
                            plech, pouze ve vybraných prodejnách                        </div>
                                    </td>

                <td class="text-left discounts_validity">
                                                                        st 14. 9.  &ndash; út 20. 9. 
                                                            </td>

                <td class="discounts_list_add">

                                            <div class="add_list_wrap">
                        


    
                                
        
        <div class="save_item_content nologin_save_item icon_only "
             data-idf="product_discounts_396859">
			<span class="link_content">
                
    <span class="spinner-absolute spinner-btn no_content hdn"><span class="js-loader"></span></span>

                <a data-rustmp="1" data-action="click" data-fn="rusInit" href="#"
                   aria-label="Přidat produkt do oblíbených - nutné přihlášení uživatele" style="line-height: 0;"
                   class="toggle_saved_item btn btn_default top_link link_heart " data-idf="product_discounts_396859" data-type="product"
                   data-item="396859"><span>Přidat produkt do oblíbených</span></a>
			</span>
                    </div>
                            </div>
                    
                                            <a data-product-id="396859" href="#5145305" role="button" aria-label="Přidat Pivo světlý ležák Mustang 11° Ostravar do nákupního seznamu" data-shop="257" data-price="17.9" data-product="Pivo světlý ležák Mustang 11° Ostravar" class="btn btn_colored btn_list_add no_login">Přidat</a>
                                    </td>
            </tr>
                    
            
            <tr data-product="396859" data-discount="5140997" class="log_discount discount_row only_discount hidden_discount" data-key="0.5-l" id="discount_5140997">
                <td width="60" class="text-left discounts_shop_image">
                                            <a href="/letaky/cba" class="product_link_history" data-product="pivo-svetly-lezak-mustang-11-ostravar" title="CBA leták">
                            <img src="https://img.kupi.cz/kupi/thumbs/loga_shopy/cba_80.png" alt="CBA leták" width="50">
                        </a>
                                    </td>

                <td class="discounts_shop_info">
                    <span class="discounts_shop_name">
                        <a href="/letaky/cba" class="product_link_history" data-product="pivo-svetly-lezak-mustang-11-ostravar" title="CBA">
                            <span>
                                                                    CBA
                                                                                                                                                                            </span>
                        </a>

                                                                    </span>

                    
                                            <div class="discounts_markets">
                                                            <a href="/obchod/cba/potraviny-4" title="CBA" data-shop="CBA" class="product_link_history" data-product="pivo-svetly-lezak-mustang-11-ostravar">platí pro 32 nejbližších poboček</a>
                                                    </div>
                                    </td>

                <td class="text-left discounts_price price_future_discount">
                    <span class="discount_price_label">cena</span>
                    <div class="left">
                        <strong class="discount_price_value">17,90&nbsp;Kč</strong>
                    </div>

                                            <div class="discount_amount left">
                            &nbsp;/&nbsp;0.5 l                        </div>
                    
                    
                    <div class="clear"></div>

                    <span style="font-size: 12px;">
                                                                                                35,80&nbsp;Kč&nbsp;/&nbsp;1&nbsp;l                                                                                    </span>

                    
                                            <div class="discount_note">
                            plech, pouze ve vybraných prodejnách                        </div>
                                    </td>

                <td class="text-left discounts_validity">
                                                                        st 14. 9.  &ndash; ne 25. 9. 
                                                            </td>

                <td class="discounts_list_add">

                                            <div class="add_list_wrap">
                        


    
                                
        
        <div class="save_item_content nologin_save_item icon_only "
             data-idf="product_discounts_396859">
			<span class="link_content">
                
    <span class="spinner-absolute spinner-btn no_content hdn"><span class="js-loader"></span></span>

                <a data-rustmp="1" data-action="click" data-fn="rusInit" href="#"
                   aria-label="Přidat produkt do oblíbených - nutné přihlášení uživatele" style="line-height: 0;"
                   class="toggle_saved_item btn btn_default top_link link_heart " data-idf="product_discounts_396859" data-type="product"
                   data-item="396859"><span>Přidat produkt do oblíbených</span></a>
			</span>
                    </div>
                            </div>
                    
                                            <a data-product-id="396859" href="#5140997" role="button" aria-label="Přidat Pivo světlý ležák Mustang 11° Ostravar do nákupního seznamu" data-shop="257" data-price="17.9" data-product="Pivo světlý ležák Mustang 11° Ostravar" class="btn btn_colored btn_list_add no_login">Přidat</a>
                                    </td>
            </tr>
                    
            
            <tr data-product="396859" data-discount="5099974" class="log_discount discount_row only_discount hidden_discount" data-key="0.5-l" id="discount_5099974">
                <td width="60" class="text-left discounts_shop_image">
                                            <a href="/letaky/cba" class="product_link_history" data-product="pivo-svetly-lezak-mustang-11-ostravar" title="CBA leták">
                            <img src="https://img.kupi.cz/kupi/thumbs/loga_shopy/cba_80.png" alt="CBA leták" width="50">
                        </a>
                                    </td>

                <td class="discounts_shop_info">
                    <span class="discounts_shop_name">
                        <a href="/letaky/cba" class="product_link_history" data-product="pivo-svetly-lezak-mustang-11-ostravar" title="CBA">
                            <span>
                                                                    CBA
                                                                                                                                                                            </span>
                        </a>

                                                                    </span>

                    
                                            <div class="discounts_markets">
                                                            <a href="/obchod/cba/potraviny-4" title="CBA" data-shop="CBA" class="product_link_history" data-product="pivo-svetly-lezak-mustang-11-ostravar">platí pro 31 nejbližších poboček</a>
                                                    </div>
                                    </td>

                <td class="text-left discounts_price">
                    <span class="discount_price_label">cena</span>
                    <div class="left">
                        <strong class="discount_price_value">17,90&nbsp;Kč</strong>
                    </div>

                                            <div class="discount_amount left">
                            &nbsp;/&nbsp;0.5 l                        </div>
                    
                    
                    <div class="clear"></div>

                    <span style="font-size: 12px;">
                                                                                                35,80&nbsp;Kč&nbsp;/&nbsp;1&nbsp;l                                                                                    </span>

                    
                                            <div class="discount_note">
                            plech, pouze ve vybraných prodejnách                        </div>
                                    </td>

                <td class="text-left discounts_validity valid_discount">
                                                                        dnes končí
                                                            </td>

                <td class="discounts_list_add">

                                            <div class="add_list_wrap">
                        


    
                                
        
        <div class="save_item_content nologin_save_item icon_only "
             data-idf="product_discounts_396859">
			<span class="link_content">
                
    <span class="spinner-absolute spinner-btn no_content hdn"><span class="js-loader"></span></span>

                <a data-rustmp="1" data-action="click" data-fn="rusInit" href="#"
                   aria-label="Přidat produkt do oblíbených - nutné přihlášení uživatele" style="line-height: 0;"
                   class="toggle_saved_item btn btn_default top_link link_heart " data-idf="product_discounts_396859" data-type="product"
                   data-item="396859"><span>Přidat produkt do oblíbených</span></a>
			</span>
                    </div>
                            </div>
                    
                                            <a data-product-id="396859" href="#5099974" role="button" aria-label="Přidat Pivo světlý ležák Mustang 11° Ostravar do nákupního seznamu" data-shop="257" data-price="17.9" data-product="Pivo světlý ležák Mustang 11° Ostravar" class="btn btn_colored btn_list_add no_login">Přidat</a>
                                    </td>
            </tr>
                        </table>
    
    <div class="discounts_show_all_shops only_discount" data-product="396859">
        <a role="button" href="#396859" class="purple_link discount_all_shops only_discount">Další obchody (<span>2</span>)</a>
    </div>
</div>

    <div class="product_price_from">
        od <strong>16,90&nbsp;Kč</strong>
    </div>
                            <div class="clear"></div>
        </div>

        
        
        
    

    
        <div class="group_discounts active" data-page="3">
            <div class="absolute product_target" id="4608" style="top: -80px;"></div>

            <div class="product_image">
                <a href="/sleva/pivo-svetle-vycepni-10-bohemia-regent" title="Pivo světlé výčepní 10° Bohemia Regent" aria-hidden="true" tabindex="-1" class="open_detail" class="product_link_history" data-product-id="4608" data-product="pivo-svetle-vycepni-10-bohemia-regent">
                    <img src="/img/no_img/no_discounts.png"
                         data-src="https://img.kupi.cz/kupi/thumbs/pivo-svetle-vycepni-10-bohemia-regent_box_120_140.jpg"
                         alt="Pivo světlé výčepní 10° Bohemia Regent">
                </a>
                <span class="label-supplement">ilustrační obrázek</span>
            </div>

            <div class="relative product_discounts">
                <div class="wide left">
                    <div class="relative product_name_around" style="margin-right: 32px;">
                        <div data-product="4608" class="log_product product_name wide">
                            <h2>
                                <a title="Pivo světlé výčepní 10° Bohemia Regent" aria-label="Pivo světlé výčepní 10° Bohemia Regent v akci za 9,90 Kč" href="/sleva/pivo-svetle-vycepni-10-bohemia-regent" class="product_link_history" data-product="pivo-svetle-vycepni-10-bohemia-regent">
                                    <strong>Pivo světlé výčepní 10° Bohemia Regent</strong>
                                </a>

                                <span class="nowrap">
                                                                                                                                                                        <span>0.5 l</span>
                                                                                                                        
                                                                    </span>
                            </h2>

                            <div class="product_my_leaflet">
                                


    
                                
        
        <div class="save_item_content nologin_save_item  "
             data-idf="product_discounts_4608">
			<span class="link_content">
                
    <span class="spinner-absolute spinner-btn no_content hdn"><span class="js-loader"></span></span>

                <a data-rustmp="1" data-action="click" data-fn="rusInit" href="#"
                   aria-label="Přidat produkt do oblíbených - nutné přihlášení uživatele" style="line-height: 0;"
                   class="toggle_saved_item btn btn_default top_link link_heart " data-idf="product_discounts_4608" data-type="product"
                   data-item="4608"><span>Přidat produkt do oblíbených</span></a>
			</span>
                            <span class="saved_item_text">
                                                            Zapněte si oblíbené a upozorníme vás na novou akci
                                    		    </span>
                    </div>
                                </div>

                                                                                        <div id="price_4608" class="avg_price">Běžná cena: <span>10,90</span>&nbsp;Kč</div>
                            
                        </div>
                    </div>
                </div>
            </div>

            <div class="clear"></div>
                                    
    
<div class="relative product_discounts product_discounts_overview" id="product_4608">
    <table class="wide discounts_table">

                            
                        
                                        
            <tr data-product="4608" data-discount="5109877" class="log_discount discount_row only_discount" data-key="0.5-l" id="discount_5109877">
                <td width="60" class="text-left discounts_shop_image">
                                            <a href="/letaky/flop" class="product_link_history" data-product="pivo-svetle-vycepni-10-bohemia-regent" title="FLOP leták">
                            <img src="https://img.kupi.cz/kupi/thumbs/loga_shopy/type-flop_80.png" alt="FLOP leták" width="50">
                        </a>
                                    </td>

                <td class="discounts_shop_info">
                    <span class="discounts_shop_name">
                        <a href="/letaky/flop" class="product_link_history" data-product="pivo-svetle-vycepni-10-bohemia-regent" title="FLOP">
                            <span>
                                                                    FLOP                                                            </span>
                        </a>

                                                                    </span>

                    
                                            <div class="discounts_markets">
                                                            <a href="/obchod/flop/flop-kurim" title="FLOP" data-shop="FLOP" class="product_link_history" data-product="pivo-svetle-vycepni-10-bohemia-regent">platí pro 7 nejbližších poboček</a>
                                                    </div>
                                    </td>

                <td class="text-left discounts_price">
                    <span class="discount_price_label">cena</span>
                    <div class="left">
                        <strong class="discount_price_value">9,90&nbsp;Kč</strong>
                    </div>

                                            <div class="discount_amount left">
                            &nbsp;/&nbsp;0.5 l                        </div>
                    
                    
                    <div class="clear"></div>

                    <span style="font-size: 12px;">
                                                                                                19,80&nbsp;Kč&nbsp;/&nbsp;1&nbsp;l                                                                                    </span>

                    
                                            <div class="discount_note">
                            +3 Kč záloha na láhev                        </div>
                                    </td>

                <td class="text-left discounts_validity valid_discount">
                                                                        dnes končí
                                                            </td>

                <td class="discounts_list_add">

                                            <div class="add_list_wrap">
                        


    
                                
        
        <div class="save_item_content nologin_save_item icon_only "
             data-idf="product_discounts_4608">
			<span class="link_content">
                
    <span class="spinner-absolute spinner-btn no_content hdn"><span class="js-loader"></span></span>

                <a data-rustmp="1" data-action="click" data-fn="rusInit" href="#"
                   aria-label="Přidat produkt do oblíbených - nutné přihlášení uživatele" style="line-height: 0;"
                   class="toggle_saved_item btn btn_default top_link link_heart " data-idf="product_discounts_4608" data-type="product"
                   data-item="4608"><span>Přidat produkt do oblíbených</span></a>
			</span>
                    </div>
                            </div>
                    
                                            <a data-product-id="4608" href="#5109877" role="button" aria-label="Přidat Pivo světlé výčepní 10° Bohemia Regent do nákupního seznamu" data-shop="235" data-price="9.9" data-product="Pivo světlé výčepní 10° Bohemia Regent" class="btn btn_colored btn_list_add no_login">Přidat</a>
                                    </td>
            </tr>
                        </table>
    
    <div class="discounts_show_all_shops only_discount" data-product="4608" style="display: none;">
        <a role="button" href="#4608" class="purple_link discount_all_shops only_discount">Další obchody (<span>-3</span>)</a>
    </div>
</div>

    <div class="product_price_from">
        od <strong>9,90&nbsp;Kč</strong>
    </div>
                            <div class="clear"></div>
        </div>

        
        
        
    

    
        <div class="group_discounts active" data-page="3">
            <div class="absolute product_target" id="50731" style="top: -80px;"></div>

            <div class="product_image">
                <a href="/sleva/pivo-svetle-vycepni-10-haskuv-rebel-c-k-pivovar-havlickuv-brod" title="Pivo světlé výčepní 10° Haškův Rebel C.K. Pivovar Havlíčkův Brod" aria-hidden="true" tabindex="-1" class="open_detail" class="product_link_history" data-product-id="50731" data-product="pivo-svetle-vycepni-10-haskuv-rebel-c-k-pivovar-havlickuv-brod">
                    <img src="/img/no_img/no_discounts.png"
                         data-src="https://img.kupi.cz/kupi/thumbs/pivo-svetle-vycepni-10-haskuv-c-k-rebel_box_120_140.jpg"
                         alt="Pivo světlé výčepní 10° Haškův Rebel C.K. Pivovar Havlíčkův Brod">
                </a>
                <span class="label-supplement">ilustrační obrázek</span>
            </div>

            <div class="relative product_discounts">
                <div class="wide left">
                    <div class="relative product_name_around" style="margin-right: 32px;">
                        <div data-product="50731" class="log_product product_name wide">
                            <h2>
                                <a title="Pivo světlé výčepní 10° Haškův Rebel C.K. Pivovar Havlíčkův Brod" aria-label="Pivo světlé výčepní 10° Haškův Rebel C.K. Pivovar Havlíčkův Brod v akci za 6,50 Kč" href="/sleva/pivo-svetle-vycepni-10-haskuv-rebel-c-k-pivovar-havlickuv-brod" class="product_link_history" data-product="pivo-svetle-vycepni-10-haskuv-rebel-c-k-pivovar-havlickuv-brod">
                                    <strong>Pivo světlé výčepní 10° Haškův Rebel C.K. Pivovar Havlíčkův Brod</strong>
                                </a>

                                <span class="nowrap">
                                                                                                                                                                        <span>0.5 l</span>
                                                                                                                        
                                                                    </span>
                            </h2>

                            <div class="product_my_leaflet">
                                


    
                                
        
        <div class="save_item_content nologin_save_item  "
             data-idf="product_discounts_50731">
			<span class="link_content">
                
    <span class="spinner-absolute spinner-btn no_content hdn"><span class="js-loader"></span></span>

                <a data-rustmp="1" data-action="click" data-fn="rusInit" href="#"
                   aria-label="Přidat produkt do oblíbených - nutné přihlášení uživatele" style="line-height: 0;"
                   class="toggle_saved_item btn btn_default top_link link_heart " data-idf="product_discounts_50731" data-type="product"
                   data-item="50731"><span>Přidat produkt do oblíbených</span></a>
			</span>
                            <span class="saved_item_text">
                                                            Zapněte si oblíbené a upozorníme vás na novou akci
                                    		    </span>
                    </div>
                                </div>

                                                                                        <div id="price_50731" class="avg_price">Běžná cena: <span>9,90</span>&nbsp;Kč</div>
                            
                        </div>
                    </div>
                </div>
            </div>

            <div class="clear"></div>
                                    
    
<div class="relative product_discounts product_discounts_overview" id="product_50731">
    <table class="wide discounts_table">

                            
                        
                                        
            <tr data-product="50731" data-discount="5143439" class="log_discount discount_row only_discount" data-key="0.5-l" id="discount_5143439">
                <td width="60" class="text-left discounts_shop_image">
                                            <a href="/letaky/globus" class="product_link_history" data-product="pivo-svetle-vycepni-10-haskuv-rebel-c-k-pivovar-havlickuv-brod" title="Globus leták">
                            <img src="https://img.kupi.cz/kupi/thumbs/loga_shopy/globus_80.png" alt="Globus leták" width="50">
                        </a>
                                    </td>

                <td class="discounts_shop_info">
                    <span class="discounts_shop_name">
                        <a href="/letaky/globus" class="product_link_history" data-product="pivo-svetle-vycepni-10-haskuv-rebel-c-k-pivovar-havlickuv-brod" title="Globus">
                            <span>
                                                                    Globus
                                                                                                                                                                            </span>
                        </a>

                                                                    </span>

                    
                                            <div class="discounts_markets">
                                                            <a href="/obchod/globus/globus-brno-ivanovice" title="Globus" data-shop="Globus" class="product_link_history" data-product="pivo-svetle-vycepni-10-haskuv-rebel-c-k-pivovar-havlickuv-brod">platí pro 1 nejbližší pobočku</a>
                                                    </div>
                                    </td>

                <td class="text-left discounts_price">
                    <span class="discount_price_label">cena</span>
                    <div class="left">
                        <strong class="discount_price_value">6,50&nbsp;Kč</strong>
                    </div>

                                            <div class="discount_amount left">
                            &nbsp;/&nbsp;0.5 l                        </div>
                    
                                            <div class="discount_percentage">&ndash;34&nbsp;%</div>
                    
                    <div class="clear"></div>

                    <span style="font-size: 12px;">
                                                                                                13,00&nbsp;Kč&nbsp;/&nbsp;1&nbsp;l                                                                                    </span>

                    
                                            <div class="discount_note">
                            +3 Kč záloha na láhev                        </div>
                                    </td>

                <td class="text-left discounts_validity valid_discount">
                                                                        platí do středy <span style="white-space: nowrap;">21. 9. </span>
                                                            </td>

                <td class="discounts_list_add">

                                            <div class="add_list_wrap">
                        


    
                                
        
        <div class="save_item_content nologin_save_item icon_only "
             data-idf="product_discounts_50731">
			<span class="link_content">
                
    <span class="spinner-absolute spinner-btn no_content hdn"><span class="js-loader"></span></span>

                <a data-rustmp="1" data-action="click" data-fn="rusInit" href="#"
                   aria-label="Přidat produkt do oblíbených - nutné přihlášení uživatele" style="line-height: 0;"
                   class="toggle_saved_item btn btn_default top_link link_heart " data-idf="product_discounts_50731" data-type="product"
                   data-item="50731"><span>Přidat produkt do oblíbených</span></a>
			</span>
                    </div>
                            </div>
                    
                                            <a data-product-id="50731" href="#5143439" role="button" aria-label="Přidat Pivo světlé výčepní 10° Haškův Rebel C.K. Pivovar Havlíčkův Brod do nákupního seznamu" data-shop="27" data-price="6.5" data-product="Pivo světlé výčepní 10° Haškův Rebel C.K. Pivovar Havlíčkův Brod" class="btn btn_colored btn_list_add no_login">Přidat</a>
                                    </td>
            </tr>
                        </table>
    
    <div class="discounts_show_all_shops only_discount" data-product="50731" style="display: none;">
        <a role="button" href="#50731" class="purple_link discount_all_shops only_discount">Další obchody (<span>-3</span>)</a>
    </div>
</div>

    <div class="product_price_from">
        od <strong>6,50&nbsp;Kč</strong>
    </div>
                            <div class="clear"></div>
        </div>

        
        
        
    

    
        <div class="group_discounts active" data-page="3">
            <div class="absolute product_target" id="227844" style="top: -80px;"></div>

            <div class="product_image">
                <a href="/sleva/pivo-svetle-psenicne-kvasnicove-hefe-weissbier-paulaner" title="Pivo světlé pšeničné kvasnicové Hefe-Weissbier Paulaner" aria-hidden="true" tabindex="-1" class="open_detail" class="product_link_history" data-product-id="227844" data-product="pivo-svetle-psenicne-kvasnicove-hefe-weissbier-paulaner">
                    <img src="/img/no_img/no_discounts.png"
                         data-src="https://img.kupi.cz/kupi/thumbs/pivo-svetle-psenicne-kvasnicove-hefe-weissbier-paulaner_box_120_140.jpg"
                         alt="Pivo světlé pšeničné kvasnicové Hefe-Weissbier Paulaner">
                </a>
                <span class="label-supplement">ilustrační obrázek</span>
            </div>

            <div class="relative product_discounts">
                <div class="wide left">
                    <div class="relative product_name_around" style="margin-right: 32px;">
                        <div data-product="227844" class="log_product product_name wide">
                            <h2>
                                <a title="Pivo světlé pšeničné kvasnicové Hefe-Weissbier Paulaner" aria-label="Pivo světlé pšeničné kvasnicové Hefe-Weissbier Paulaner v akci za 29,90 Kč" href="/sleva/pivo-svetle-psenicne-kvasnicove-hefe-weissbier-paulaner" class="product_link_history" data-product="pivo-svetle-psenicne-kvasnicove-hefe-weissbier-paulaner">
                                    <strong>Pivo světlé pšeničné kvasnicové Hefe-Weissbier Paulaner</strong>
                                </a>

                                <span class="nowrap">
                                                                                                                                                                        <span>0.5 l</span>
                                                                                                                        
                                                                    </span>
                            </h2>

                            <div class="product_my_leaflet">
                                


    
                                
        
        <div class="save_item_content nologin_save_item  "
             data-idf="product_discounts_227844">
			<span class="link_content">
                
    <span class="spinner-absolute spinner-btn no_content hdn"><span class="js-loader"></span></span>

                <a data-rustmp="1" data-action="click" data-fn="rusInit" href="#"
                   aria-label="Přidat produkt do oblíbených - nutné přihlášení uživatele" style="line-height: 0;"
                   class="toggle_saved_item btn btn_default top_link link_heart " data-idf="product_discounts_227844" data-type="product"
                   data-item="227844"><span>Přidat produkt do oblíbených</span></a>
			</span>
                            <span class="saved_item_text">
                                                            Zapněte si oblíbené a upozorníme vás na novou akci
                                    		    </span>
                    </div>
                                </div>

                                                                                        <div id="price_227844" class="avg_price">Běžná cena: <span>39,90</span>&nbsp;Kč</div>
                            
                        </div>
                    </div>
                </div>
            </div>

            <div class="clear"></div>
                                    
    
<div class="relative product_discounts product_discounts_overview" id="product_227844">
    <table class="wide discounts_table">

                            
                        
                                        
            <tr data-product="227844" data-discount="5138621" class="log_discount discount_row only_discount" data-key="0.5-l" id="discount_5138621">
                <td width="60" class="text-left discounts_shop_image">
                                            <a href="/letaky/kaufland" class="product_link_history" data-product="pivo-svetle-psenicne-kvasnicove-hefe-weissbier-paulaner" title="Kaufland leták">
                            <img src="https://img.kupi.cz/kupi/thumbs/loga_shopy/kaufland-2_80.png" alt="Kaufland leták" width="50">
                        </a>
                                    </td>

                <td class="discounts_shop_info">
                    <span class="discounts_shop_name">
                        <a href="/letaky/kaufland" class="product_link_history" data-product="pivo-svetle-psenicne-kvasnicove-hefe-weissbier-paulaner" title="Kaufland">
                            <span>
                                                                    Kaufland
                                                                                                                                                                            </span>
                        </a>

                                                                    </span>

                    
                                            <div class="discounts_markets">
                                                            <a href="/obchod/kaufland/kaufland-kurim-blanenska" title="Kaufland" data-shop="Kaufland" class="product_link_history" data-product="pivo-svetle-psenicne-kvasnicove-hefe-weissbier-paulaner">platí pro 8 nejbližších poboček</a>
                                                    </div>
                                    </td>

                <td class="text-left discounts_price">
                    <span class="discount_price_label">cena</span>
                    <div class="left">
                        <strong class="discount_price_value">29,90&nbsp;Kč</strong>
                    </div>

                                            <div class="discount_amount left">
                            &nbsp;/&nbsp;0.5 l                        </div>
                    
                                            <div class="discount_percentage">&ndash;25&nbsp;%</div>
                    
                    <div class="clear"></div>

                    <span style="font-size: 12px;">
                                                                                                59,80&nbsp;Kč&nbsp;/&nbsp;1&nbsp;l                                                                                    </span>

                    
                                            <div class="discount_note">
                            plech                        </div>
                                    </td>

                <td class="text-left discounts_validity valid_discount">
                                                                        platí do úterý <span style="white-space: nowrap;">13. 9. </span>
                                                            </td>

                <td class="discounts_list_add">

                                            <div class="add_list_wrap">
                        


    
                                
        
        <div class="save_item_content nologin_save_item icon_only "
             data-idf="product_discounts_227844">
			<span class="link_content">
                
    <span class="spinner-absolute spinner-btn no_content hdn"><span class="js-loader"></span></span>

                <a data-rustmp="1" data-action="click" data-fn="rusInit" href="#"
                   aria-label="Přidat produkt do oblíbených - nutné přihlášení uživatele" style="line-height: 0;"
                   class="toggle_saved_item btn btn_default top_link link_heart " data-idf="product_discounts_227844" data-type="product"
                   data-item="227844"><span>Přidat produkt do oblíbených</span></a>
			</span>
                    </div>
                            </div>
                    
                                            <a data-product-id="227844" href="#5138621" role="button" aria-label="Přidat Pivo světlé pšeničné kvasnicové Hefe-Weissbier Paulaner do nákupního seznamu" data-shop="4" data-price="29.9" data-product="Pivo světlé pšeničné kvasnicové Hefe-Weissbier Paulaner" class="btn btn_colored btn_list_add no_login">Přidat</a>
                                    </td>
            </tr>
                        </table>
    
    <div class="discounts_show_all_shops only_discount" data-product="227844" style="display: none;">
        <a role="button" href="#227844" class="purple_link discount_all_shops only_discount">Další obchody (<span>-3</span>)</a>
    </div>
</div>

    <div class="product_price_from">
        od <strong>29,90&nbsp;Kč</strong>
    </div>
                            <div class="clear"></div>
        </div>

        
        
        
    

    
        <div class="group_discounts active" data-page="3">
            <div class="absolute product_target" id="185197" style="top: -80px;"></div>

            <div class="product_image">
                <a href="/sleva/pivo-svetle-specialni-psenicne-weisbier-erdinger" title="Pivo světlé speciální pšeničné Weisbier Erdinger" aria-hidden="true" tabindex="-1" class="open_detail" class="product_link_history" data-product-id="185197" data-product="pivo-svetle-specialni-psenicne-weisbier-erdinger">
                    <img src="/img/no_img/no_discounts.png"
                         data-src="https://img.kupi.cz/kupi/thumbs/pivo-svetle-psenicne-weisbier-erdinger_box_120_140.jpg"
                         alt="Pivo světlé speciální pšeničné Weisbier Erdinger">
                </a>
                <span class="label-supplement">ilustrační obrázek</span>
            </div>

            <div class="relative product_discounts">
                <div class="wide left">
                    <div class="relative product_name_around" style="margin-right: 32px;">
                        <div data-product="185197" class="log_product product_name wide">
                            <h2>
                                <a title="Pivo světlé speciální pšeničné Weisbier Erdinger" aria-label="Pivo světlé speciální pšeničné Weisbier Erdinger v akci za 29,90 Kč" href="/sleva/pivo-svetle-specialni-psenicne-weisbier-erdinger" class="product_link_history" data-product="pivo-svetle-specialni-psenicne-weisbier-erdinger">
                                    <strong>Pivo světlé speciální pšeničné Weisbier Erdinger</strong>
                                </a>

                                <span class="nowrap">
                                                                                                                                                                        <span>0.5 l</span>
                                                                                                                        
                                                                    </span>
                            </h2>

                            <div class="product_my_leaflet">
                                


    
                                
        
        <div class="save_item_content nologin_save_item  "
             data-idf="product_discounts_185197">
			<span class="link_content">
                
    <span class="spinner-absolute spinner-btn no_content hdn"><span class="js-loader"></span></span>

                <a data-rustmp="1" data-action="click" data-fn="rusInit" href="#"
                   aria-label="Přidat produkt do oblíbených - nutné přihlášení uživatele" style="line-height: 0;"
                   class="toggle_saved_item btn btn_default top_link link_heart " data-idf="product_discounts_185197" data-type="product"
                   data-item="185197"><span>Přidat produkt do oblíbených</span></a>
			</span>
                            <span class="saved_item_text">
                                                            Zapněte si oblíbené a upozorníme vás na novou akci
                                    		    </span>
                    </div>
                                </div>

                                                                                        <div id="price_185197" class="avg_price">Běžná cena: <span>39,90</span>&nbsp;Kč</div>
                            
                        </div>
                    </div>
                </div>
            </div>

            <div class="clear"></div>
                                    
    
<div class="relative product_discounts product_discounts_overview" id="product_185197">
    <table class="wide discounts_table">

                            
                        
                                        
            <tr data-product="185197" data-discount="5138651" class="log_discount discount_row only_discount" data-key="0.5-l" id="discount_5138651">
                <td width="60" class="text-left discounts_shop_image">
                                            <a href="/letaky/kaufland" class="product_link_history" data-product="pivo-svetle-specialni-psenicne-weisbier-erdinger" title="Kaufland leták">
                            <img src="https://img.kupi.cz/kupi/thumbs/loga_shopy/kaufland-2_80.png" alt="Kaufland leták" width="50">
                        </a>
                                    </td>

                <td class="discounts_shop_info">
                    <span class="discounts_shop_name">
                        <a href="/letaky/kaufland" class="product_link_history" data-product="pivo-svetle-specialni-psenicne-weisbier-erdinger" title="Kaufland">
                            <span>
                                                                    Kaufland
                                                                                                                                                                            </span>
                        </a>

                                                                    </span>

                    
                                            <div class="discounts_markets">
                                                            <a href="/obchod/kaufland/kaufland-kurim-blanenska" title="Kaufland" data-shop="Kaufland" class="product_link_history" data-product="pivo-svetle-specialni-psenicne-weisbier-erdinger">platí pro 8 nejbližších poboček</a>
                                                    </div>
                                    </td>

                <td class="text-left discounts_price">
                    <span class="discount_price_label">cena</span>
                    <div class="left">
                        <strong class="discount_price_value">29,90&nbsp;Kč</strong>
                    </div>

                                            <div class="discount_amount left">
                            &nbsp;/&nbsp;0.5 l                        </div>
                    
                                            <div class="discount_percentage">&ndash;25&nbsp;%</div>
                    
                    <div class="clear"></div>

                    <span style="font-size: 12px;">
                                                                                                59,80&nbsp;Kč&nbsp;/&nbsp;1&nbsp;l                                                                                    </span>

                    
                                            <div class="discount_note">
                            plech, max 48 ks/osoba/den                        </div>
                                    </td>

                <td class="text-left discounts_validity valid_discount">
                                                                        platí do úterý <span style="white-space: nowrap;">13. 9. </span>
                                                            </td>

                <td class="discounts_list_add">

                                            <div class="add_list_wrap">
                        


    
                                
        
        <div class="save_item_content nologin_save_item icon_only "
             data-idf="product_discounts_185197">
			<span class="link_content">
                
    <span class="spinner-absolute spinner-btn no_content hdn"><span class="js-loader"></span></span>

                <a data-rustmp="1" data-action="click" data-fn="rusInit" href="#"
                   aria-label="Přidat produkt do oblíbených - nutné přihlášení uživatele" style="line-height: 0;"
                   class="toggle_saved_item btn btn_default top_link link_heart " data-idf="product_discounts_185197" data-type="product"
                   data-item="185197"><span>Přidat produkt do oblíbených</span></a>
			</span>
                    </div>
                            </div>
                    
                                            <a data-product-id="185197" href="#5138651" role="button" aria-label="Přidat Pivo světlé speciální pšeničné Weisbier Erdinger do nákupního seznamu" data-shop="4" data-price="29.9" data-product="Pivo světlé speciální pšeničné Weisbier Erdinger" class="btn btn_colored btn_list_add no_login">Přidat</a>
                                    </td>
            </tr>
                    
            
            <tr data-product="185197" data-discount="5128694" class="log_discount discount_row only_discount" data-key="0.5-l" id="discount_5128694">
                <td width="60" class="text-left discounts_shop_image">
                                            <a href="/letaky/billa" class="product_link_history" data-product="pivo-svetle-specialni-psenicne-weisbier-erdinger" title="BILLA leták">
                            <img src="https://img.kupi.cz/kupi/thumbs/loga_shopy/billa_80.png" alt="BILLA leták" width="50">
                        </a>
                                    </td>

                <td class="discounts_shop_info">
                    <span class="discounts_shop_name">
                        <a href="/letaky/billa" class="product_link_history" data-product="pivo-svetle-specialni-psenicne-weisbier-erdinger" title="BILLA">
                            <span>
                                                                    BILLA
                                                                                                                                                                            </span>
                        </a>

                                                                    </span>

                    
                                            <div class="discounts_markets">
                                                            <a href="/obchod/billa/billa-brno-podperova" title="BILLA" data-shop="BILLA" class="product_link_history" data-product="pivo-svetle-specialni-psenicne-weisbier-erdinger">platí pro 14 nejbližších poboček</a>
                                                    </div>
                                    </td>

                <td class="text-left discounts_price">
                    <span class="discount_price_label">cena</span>
                    <div class="left">
                        <strong class="discount_price_value">39,90&nbsp;Kč</strong>
                    </div>

                                            <div class="discount_amount left">
                            &nbsp;/&nbsp;0.5 l                        </div>
                    
                    
                    <div class="clear"></div>

                    <span style="font-size: 12px;">
                                                                                                79,80&nbsp;Kč&nbsp;/&nbsp;1&nbsp;l                                                                                    </span>

                    
                                            <div class="discount_note">
                            plech                        </div>
                                    </td>

                <td class="text-left discounts_validity valid_discount">
                                                                        platí do neděle <span style="white-space: nowrap;">25. 9. </span>
                                                            </td>

                <td class="discounts_list_add">

                                            <div class="add_list_wrap">
                        


    
                                
        
        <div class="save_item_content nologin_save_item icon_only "
             data-idf="product_discounts_185197">
			<span class="link_content">
                
    <span class="spinner-absolute spinner-btn no_content hdn"><span class="js-loader"></span></span>

                <a data-rustmp="1" data-action="click" data-fn="rusInit" href="#"
                   aria-label="Přidat produkt do oblíbených - nutné přihlášení uživatele" style="line-height: 0;"
                   class="toggle_saved_item btn btn_default top_link link_heart " data-idf="product_discounts_185197" data-type="product"
                   data-item="185197"><span>Přidat produkt do oblíbených</span></a>
			</span>
                    </div>
                            </div>
                    
                                            <a data-product-id="185197" href="#5128694" role="button" aria-label="Přidat Pivo světlé speciální pšeničné Weisbier Erdinger do nákupního seznamu" data-shop="5" data-price="39.9" data-product="Pivo světlé speciální pšeničné Weisbier Erdinger" class="btn btn_colored btn_list_add no_login">Přidat</a>
                                    </td>
            </tr>
                        </table>
    
    <div class="discounts_show_all_shops only_discount" data-product="185197" style="display: none;">
        <a role="button" href="#185197" class="purple_link discount_all_shops only_discount">Další obchody (<span>-2</span>)</a>
    </div>
</div>

    <div class="product_price_from">
        od <strong>29,90&nbsp;Kč</strong>
    </div>
                            <div class="clear"></div>
        </div>

        
        
        
    

    
        <div class="group_discounts active" data-page="3">
            <div class="absolute product_target" id="164477" style="top: -80px;"></div>

            <div class="product_image">
                <a href="/sleva/pivo-mixpack-bakalar" title="Pivo Mixpack Bakalář" aria-hidden="true" tabindex="-1" class="open_detail" class="product_link_history" data-product-id="164477" data-product="pivo-mixpack-bakalar">
                    <img src="/img/no_img/no_discounts.png"
                         data-src="https://img.kupi.cz/kupi/thumbs/pivo-mixpack-bakalar_box_120_140.jpg"
                         alt="Pivo Mixpack Bakalář">
                </a>
                <span class="label-supplement">ilustrační obrázek</span>
            </div>

            <div class="relative product_discounts">
                <div class="wide left">
                    <div class="relative product_name_around" style="margin-right: 32px;">
                        <div data-product="164477" class="log_product product_name wide">
                            <h2>
                                <a title="Pivo Mixpack Bakalář" aria-label="Pivo Mixpack Bakalář v akci za 119,90 Kč" href="/sleva/pivo-mixpack-bakalar" class="product_link_history" data-product="pivo-mixpack-bakalar">
                                    <strong>Pivo Mixpack Bakalář</strong>
                                </a>

                                <span class="nowrap">
                                                                                                                                                                        <span>0.5 l</span>
                                                                                                                        
                                                                    </span>
                            </h2>

                            <div class="product_my_leaflet">
                                


    
                                
        
        <div class="save_item_content nologin_save_item  "
             data-idf="product_discounts_164477">
			<span class="link_content">
                
    <span class="spinner-absolute spinner-btn no_content hdn"><span class="js-loader"></span></span>

                <a data-rustmp="1" data-action="click" data-fn="rusInit" href="#"
                   aria-label="Přidat produkt do oblíbených - nutné přihlášení uživatele" style="line-height: 0;"
                   class="toggle_saved_item btn btn_default top_link link_heart " data-idf="product_discounts_164477" data-type="product"
                   data-item="164477"><span>Přidat produkt do oblíbených</span></a>
			</span>
                            <span class="saved_item_text">
                                                            Zapněte si oblíbené a upozorníme vás na novou akci
                                    		    </span>
                    </div>
                                </div>

                                                                                        <div id="price_164477" class="avg_price inactive">Běžná cena: <span>0,00</span>&nbsp;Kč</div>
                            
                        </div>
                    </div>
                </div>
            </div>

            <div class="clear"></div>
                                    
    
<div class="relative product_discounts product_discounts_overview" id="product_164477">
    <table class="wide discounts_table">

                            
                        
                                        
            <tr data-product="164477" data-discount="5128733" class="log_discount discount_row only_discount" data-key="0.5-l" id="discount_5128733">
                <td width="60" class="text-left discounts_shop_image">
                                            <a href="/letaky/billa" class="product_link_history" data-product="pivo-mixpack-bakalar" title="BILLA leták">
                            <img src="https://img.kupi.cz/kupi/thumbs/loga_shopy/billa_80.png" alt="BILLA leták" width="50">
                        </a>
                                    </td>

                <td class="discounts_shop_info">
                    <span class="discounts_shop_name">
                        <a href="/letaky/billa" class="product_link_history" data-product="pivo-mixpack-bakalar" title="BILLA">
                            <span>
                                                                    BILLA
                                                                                                                                                                            </span>
                        </a>

                                                                    </span>

                    
                                            <div class="discounts_markets">
                                                            <a href="/obchod/billa/billa-brno-podperova" title="BILLA" data-shop="BILLA" class="product_link_history" data-product="pivo-mixpack-bakalar">platí pro 14 nejbližších poboček</a>
                                                    </div>
                                    </td>

                <td class="text-left discounts_price">
                    <span class="discount_price_label">cena</span>
                    <div class="left">
                        <strong class="discount_price_value">119,90&nbsp;Kč</strong>
                    </div>

                                            <div class="discount_amount left">
                            &nbsp;/&nbsp;8x 0.5 l                        </div>
                    
                    
                    <div class="clear"></div>

                    <span style="font-size: 12px;">
                                                                                                29,98&nbsp;Kč&nbsp;/&nbsp;1&nbsp;l                                                                                    </span>

                    
                                            <div class="discount_note">
                            +24 Kč záloha na láhve                        </div>
                                    </td>

                <td class="text-left discounts_validity valid_discount">
                                                                        platí do neděle <span style="white-space: nowrap;">25. 9. </span>
                                                            </td>

                <td class="discounts_list_add">

                                            <div class="add_list_wrap">
                        


    
                                
        
        <div class="save_item_content nologin_save_item icon_only "
             data-idf="product_discounts_164477">
			<span class="link_content">
                
    <span class="spinner-absolute spinner-btn no_content hdn"><span class="js-loader"></span></span>

                <a data-rustmp="1" data-action="click" data-fn="rusInit" href="#"
                   aria-label="Přidat produkt do oblíbených - nutné přihlášení uživatele" style="line-height: 0;"
                   class="toggle_saved_item btn btn_default top_link link_heart " data-idf="product_discounts_164477" data-type="product"
                   data-item="164477"><span>Přidat produkt do oblíbených</span></a>
			</span>
                    </div>
                            </div>
                    
                                            <a data-product-id="164477" href="#5128733" role="button" aria-label="Přidat Pivo Mixpack Bakalář do nákupního seznamu" data-shop="5" data-price="119.9" data-product="Pivo Mixpack Bakalář" class="btn btn_colored btn_list_add no_login">Přidat</a>
                                    </td>
            </tr>
                        </table>
    
    <div class="discounts_show_all_shops only_discount" data-product="164477" style="display: none;">
        <a role="button" href="#164477" class="purple_link discount_all_shops only_discount">Další obchody (<span>-3</span>)</a>
    </div>
</div>

    <div class="product_price_from">
        od <strong>119,90&nbsp;Kč</strong>
    </div>
                            <div class="clear"></div>
        </div>

        
        
        
    

    
        <div class="group_discounts active" data-page="3">
            <div class="absolute product_target" id="180886" style="top: -80px;"></div>

            <div class="product_image">
                <a href="/sleva/pivo-svetly-lezak-11-pivovar-rychtar" title="Pivo světlý ležák 11° Pivovar Rychtář" aria-hidden="true" tabindex="-1" class="open_detail" class="product_link_history" data-product-id="180886" data-product="pivo-svetly-lezak-11-pivovar-rychtar">
                    <img src="/img/no_img/no_discounts.png"
                         data-src="https://img.kupi.cz/kupi/thumbs/pivo-svetly-lezak-11-pivovar-rychtar_box_120_140.jpg"
                         alt="Pivo světlý ležák 11° Pivovar Rychtář">
                </a>
                <span class="label-supplement">ilustrační obrázek</span>
            </div>

            <div class="relative product_discounts">
                <div class="wide left">
                    <div class="relative product_name_around" style="margin-right: 32px;">
                        <div data-product="180886" class="log_product product_name wide">
                            <h2>
                                <a title="Pivo světlý ležák 11° Pivovar Rychtář" aria-label="Pivo světlý ležák 11° Pivovar Rychtář v akci za 13,90 Kč" href="/sleva/pivo-svetly-lezak-11-pivovar-rychtar" class="product_link_history" data-product="pivo-svetly-lezak-11-pivovar-rychtar">
                                    <strong>Pivo světlý ležák 11° Pivovar Rychtář</strong>
                                </a>

                                <span class="nowrap">
                                                                                                                                                                        <span>0.5 l</span>
                                                                                                                        
                                                                    </span>
                            </h2>

                            <div class="product_my_leaflet">
                                


    
                                
        
        <div class="save_item_content nologin_save_item  "
             data-idf="product_discounts_180886">
			<span class="link_content">
                
    <span class="spinner-absolute spinner-btn no_content hdn"><span class="js-loader"></span></span>

                <a data-rustmp="1" data-action="click" data-fn="rusInit" href="#"
                   aria-label="Přidat produkt do oblíbených - nutné přihlášení uživatele" style="line-height: 0;"
                   class="toggle_saved_item btn btn_default top_link link_heart " data-idf="product_discounts_180886" data-type="product"
                   data-item="180886"><span>Přidat produkt do oblíbených</span></a>
			</span>
                            <span class="saved_item_text">
                                                            Zapněte si oblíbené a upozorníme vás na novou akci
                                    		    </span>
                    </div>
                                </div>

                                                                                        <div id="price_180886" class="avg_price">Běžná cena: <span>16,90</span>&nbsp;Kč</div>
                            
                        </div>
                    </div>
                </div>
            </div>

            <div class="clear"></div>
                                    
    
<div class="relative product_discounts product_discounts_overview" id="product_180886">
    <table class="wide discounts_table">

                            
                        
                                        
            <tr data-product="180886" data-discount="5093710" class="log_discount discount_row only_discount" data-key="0.5-l" id="discount_5093710">
                <td width="60" class="text-left discounts_shop_image">
                                            <a href="/letaky/billa" class="product_link_history" data-product="pivo-svetly-lezak-11-pivovar-rychtar" title="BILLA leták">
                            <img src="https://img.kupi.cz/kupi/thumbs/loga_shopy/billa_80.png" alt="BILLA leták" width="50">
                        </a>
                                    </td>

                <td class="discounts_shop_info">
                    <span class="discounts_shop_name">
                        <a href="/letaky/billa" class="product_link_history" data-product="pivo-svetly-lezak-11-pivovar-rychtar" title="BILLA">
                            <span>
                                                                    BILLA
                                                                                                                                                                            </span>
                        </a>

                                                                    </span>

                    
                                            <div class="discounts_markets">
                                                            <a href="/obchod/billa/billa-brno-podperova" title="BILLA" data-shop="BILLA" class="product_link_history" data-product="pivo-svetly-lezak-11-pivovar-rychtar">platí pro 14 nejbližších poboček</a>
                                                    </div>
                                    </td>

                <td class="text-left discounts_price">
                    <span class="discount_price_label">cena</span>
                    <div class="left">
                        <strong class="discount_price_value">13,90&nbsp;Kč</strong>
                    </div>

                                            <div class="discount_amount left">
                            &nbsp;/&nbsp;0.5 l                        </div>
                    
                    
                    <div class="clear"></div>

                    <span style="font-size: 12px;">
                                                                                                27,80&nbsp;Kč&nbsp;/&nbsp;1&nbsp;l                                                                                    </span>

                    
                                            <div class="discount_note">
                            plech                        </div>
                                    </td>

                <td class="text-left discounts_validity valid_discount">
                                                                        dnes končí
                                                            </td>

                <td class="discounts_list_add">

                                            <div class="add_list_wrap">
                        


    
                                
        
        <div class="save_item_content nologin_save_item icon_only "
             data-idf="product_discounts_180886">
			<span class="link_content">
                
    <span class="spinner-absolute spinner-btn no_content hdn"><span class="js-loader"></span></span>

                <a data-rustmp="1" data-action="click" data-fn="rusInit" href="#"
                   aria-label="Přidat produkt do oblíbených - nutné přihlášení uživatele" style="line-height: 0;"
                   class="toggle_saved_item btn btn_default top_link link_heart " data-idf="product_discounts_180886" data-type="product"
                   data-item="180886"><span>Přidat produkt do oblíbených</span></a>
			</span>
                    </div>
                            </div>
                    
                                            <a data-product-id="180886" href="#5093710" role="button" aria-label="Přidat Pivo světlý ležák 11° Pivovar Rychtář do nákupního seznamu" data-shop="5" data-price="13.9" data-product="Pivo světlý ležák 11° Pivovar Rychtář" class="btn btn_colored btn_list_add no_login">Přidat</a>
                                    </td>
            </tr>
                        </table>
    
    <div class="discounts_show_all_shops only_discount" data-product="180886" style="display: none;">
        <a role="button" href="#180886" class="purple_link discount_all_shops only_discount">Další obchody (<span>-3</span>)</a>
    </div>
</div>

    <div class="product_price_from">
        od <strong>13,90&nbsp;Kč</strong>
    </div>
                            <div class="clear"></div>
        </div>

        
        
        
    

    
        <div class="group_discounts active" data-page="3">
            <div class="absolute product_target" id="207588" style="top: -80px;"></div>

            <div class="product_image">
                <a href="/sleva/pivo-svetle-vycepni-10-novopacke-broucek-pivovar-nova-paka" title="Pivo světlé výčepní 10° Novopacké Brouček Pivovar Nová Paka" aria-hidden="true" tabindex="-1" class="open_detail" class="product_link_history" data-product-id="207588" data-product="pivo-svetle-vycepni-10-novopacke-broucek-pivovar-nova-paka">
                    <img src="/img/no_img/no_discounts.png"
                         data-src="https://img.kupi.cz/kupi/thumbs/pivo-novopacke-broucek-pivovar-nova-paka_box_120_140.png"
                         alt="Pivo světlé výčepní 10° Novopacké Brouček Pivovar Nová Paka">
                </a>
                <span class="label-supplement">ilustrační obrázek</span>
            </div>

            <div class="relative product_discounts">
                <div class="wide left">
                    <div class="relative product_name_around" style="margin-right: 32px;">
                        <div data-product="207588" class="log_product product_name wide">
                            <h2>
                                <a title="Pivo světlé výčepní 10° Novopacké Brouček Pivovar Nová Paka" aria-label="Pivo světlé výčepní 10° Novopacké Brouček Pivovar Nová Paka v akci za 26,90 Kč" href="/sleva/pivo-svetle-vycepni-10-novopacke-broucek-pivovar-nova-paka" class="product_link_history" data-product="pivo-svetle-vycepni-10-novopacke-broucek-pivovar-nova-paka">
                                    <strong>Pivo světlé výčepní 10° Novopacké Brouček Pivovar Nová Paka</strong>
                                </a>

                                <span class="nowrap">
                                                                                                                                                                        <span>1.5 l</span>
                                                                                                                        
                                                                    </span>
                            </h2>

                            <div class="product_my_leaflet">
                                


    
                                
        
        <div class="save_item_content nologin_save_item  "
             data-idf="product_discounts_207588">
			<span class="link_content">
                
    <span class="spinner-absolute spinner-btn no_content hdn"><span class="js-loader"></span></span>

                <a data-rustmp="1" data-action="click" data-fn="rusInit" href="#"
                   aria-label="Přidat produkt do oblíbených - nutné přihlášení uživatele" style="line-height: 0;"
                   class="toggle_saved_item btn btn_default top_link link_heart " data-idf="product_discounts_207588" data-type="product"
                   data-item="207588"><span>Přidat produkt do oblíbených</span></a>
			</span>
                            <span class="saved_item_text">
                                                            Zapněte si oblíbené a upozorníme vás na novou akci
                                    		    </span>
                    </div>
                                </div>

                                                                                        <div id="price_207588" class="avg_price inactive">Běžná cena: <span>0,00</span>&nbsp;Kč</div>
                            
                        </div>
                    </div>
                </div>
            </div>

            <div class="clear"></div>
                                    
    
<div class="relative product_discounts product_discounts_overview" id="product_207588">
    <table class="wide discounts_table">

                            
                        
                                        
            <tr data-product="207588" data-discount="5093770" class="log_discount discount_row only_discount" data-key="1.5-l" id="discount_5093770">
                <td width="60" class="text-left discounts_shop_image">
                                            <a href="/letaky/billa" class="product_link_history" data-product="pivo-svetle-vycepni-10-novopacke-broucek-pivovar-nova-paka" title="BILLA leták">
                            <img src="https://img.kupi.cz/kupi/thumbs/loga_shopy/billa_80.png" alt="BILLA leták" width="50">
                        </a>
                                    </td>

                <td class="discounts_shop_info">
                    <span class="discounts_shop_name">
                        <a href="/letaky/billa" class="product_link_history" data-product="pivo-svetle-vycepni-10-novopacke-broucek-pivovar-nova-paka" title="BILLA">
                            <span>
                                                                    BILLA
                                                                                                                                                                            </span>
                        </a>

                                                                    </span>

                    
                                            <div class="discounts_markets">
                                                            <a href="/obchod/billa/billa-brno-podperova" title="BILLA" data-shop="BILLA" class="product_link_history" data-product="pivo-svetle-vycepni-10-novopacke-broucek-pivovar-nova-paka">platí pro 14 nejbližších poboček</a>
                                                    </div>
                                    </td>

                <td class="text-left discounts_price">
                    <span class="discount_price_label">cena</span>
                    <div class="left">
                        <strong class="discount_price_value">26,90&nbsp;Kč</strong>
                    </div>

                                            <div class="discount_amount left">
                            &nbsp;/&nbsp;1.5 l                        </div>
                    
                    
                    <div class="clear"></div>

                    <span style="font-size: 12px;">
                                                                                                17,93&nbsp;Kč&nbsp;/&nbsp;1&nbsp;l                                                                                    </span>

                    
                                            <div class="discount_note">
                            pet láhev                        </div>
                                    </td>

                <td class="text-left discounts_validity valid_discount">
                                                                        dnes končí
                                                            </td>

                <td class="discounts_list_add">

                                            <div class="add_list_wrap">
                        


    
                                
        
        <div class="save_item_content nologin_save_item icon_only "
             data-idf="product_discounts_207588">
			<span class="link_content">
                
    <span class="spinner-absolute spinner-btn no_content hdn"><span class="js-loader"></span></span>

                <a data-rustmp="1" data-action="click" data-fn="rusInit" href="#"
                   aria-label="Přidat produkt do oblíbených - nutné přihlášení uživatele" style="line-height: 0;"
                   class="toggle_saved_item btn btn_default top_link link_heart " data-idf="product_discounts_207588" data-type="product"
                   data-item="207588"><span>Přidat produkt do oblíbených</span></a>
			</span>
                    </div>
                            </div>
                    
                                            <a data-product-id="207588" href="#5093770" role="button" aria-label="Přidat Pivo světlé výčepní 10° Novopacké Brouček Pivovar Nová Paka do nákupního seznamu" data-shop="5" data-price="26.9" data-product="Pivo světlé výčepní 10° Novopacké Brouček Pivovar Nová Paka" class="btn btn_colored btn_list_add no_login">Přidat</a>
                                    </td>
            </tr>
                        </table>
    
    <div class="discounts_show_all_shops only_discount" data-product="207588" style="display: none;">
        <a role="button" href="#207588" class="purple_link discount_all_shops only_discount">Další obchody (<span>-3</span>)</a>
    </div>
</div>

    <div class="product_price_from">
        od <strong>26,90&nbsp;Kč</strong>
    </div>
                            <div class="clear"></div>
        </div>

        
        
        
    

    
        <div class="group_discounts active" data-page="3">
            <div class="absolute product_target" id="396856" style="top: -80px;"></div>

            <div class="product_image">
                <a href="/sleva/pivo-horka-12-ze-sklepa-pardubicky-pivovar" title="Pivo Hořká 12° Ze sklepa Pardubický Pivovar" aria-hidden="true" tabindex="-1" class="open_detail" class="product_link_history" data-product-id="396856" data-product="pivo-horka-12-ze-sklepa-pardubicky-pivovar">
                    <img src="/img/no_img/no_discounts.png"
                         data-src="https://img.kupi.cz/kupi/thumbs/pivo-horka-12-ze-sklepa-pardubicky-pivovar_box_120_140.jpg"
                         alt="Pivo Hořká 12° Ze sklepa Pardubický Pivovar">
                </a>
                <span class="label-supplement">ilustrační obrázek</span>
            </div>

            <div class="relative product_discounts">
                <div class="wide left">
                    <div class="relative product_name_around" style="margin-right: 32px;">
                        <div data-product="396856" class="log_product product_name wide">
                            <h2>
                                <a title="Pivo Hořká 12° Ze sklepa Pardubický Pivovar" aria-label="Pivo Hořká 12° Ze sklepa Pardubický Pivovar v akci za 15,90 Kč" href="/sleva/pivo-horka-12-ze-sklepa-pardubicky-pivovar" class="product_link_history" data-product="pivo-horka-12-ze-sklepa-pardubicky-pivovar">
                                    <strong>Pivo Hořká 12° Ze sklepa Pardubický Pivovar</strong>
                                </a>

                                <span class="nowrap">
                                                                                                                                                                        <span>0.5 l</span>
                                                                                                                        
                                                                    </span>
                            </h2>

                            <div class="product_my_leaflet">
                                


    
                                
        
        <div class="save_item_content nologin_save_item  "
             data-idf="product_discounts_396856">
			<span class="link_content">
                
    <span class="spinner-absolute spinner-btn no_content hdn"><span class="js-loader"></span></span>

                <a data-rustmp="1" data-action="click" data-fn="rusInit" href="#"
                   aria-label="Přidat produkt do oblíbených - nutné přihlášení uživatele" style="line-height: 0;"
                   class="toggle_saved_item btn btn_default top_link link_heart " data-idf="product_discounts_396856" data-type="product"
                   data-item="396856"><span>Přidat produkt do oblíbených</span></a>
			</span>
                            <span class="saved_item_text">
                                                            Zapněte si oblíbené a upozorníme vás na novou akci
                                    		    </span>
                    </div>
                                </div>

                                                                                        <div id="price_396856" class="avg_price">Běžná cena: <span>16,90</span>&nbsp;Kč</div>
                            
                        </div>
                    </div>
                </div>
            </div>

            <div class="clear"></div>
                                    
    
<div class="relative product_discounts product_discounts_overview" id="product_396856">
    <table class="wide discounts_table">

                            
                        
                                        
            <tr data-product="396856" data-discount="5093749" class="log_discount discount_row only_discount" data-key="0.5-l" id="discount_5093749">
                <td width="60" class="text-left discounts_shop_image">
                                            <a href="/letaky/billa" class="product_link_history" data-product="pivo-horka-12-ze-sklepa-pardubicky-pivovar" title="BILLA leták">
                            <img src="https://img.kupi.cz/kupi/thumbs/loga_shopy/billa_80.png" alt="BILLA leták" width="50">
                        </a>
                                    </td>

                <td class="discounts_shop_info">
                    <span class="discounts_shop_name">
                        <a href="/letaky/billa" class="product_link_history" data-product="pivo-horka-12-ze-sklepa-pardubicky-pivovar" title="BILLA">
                            <span>
                                                                    BILLA
                                                                                                                                                                            </span>
                        </a>

                                                                    </span>

                    
                                            <div class="discounts_markets">
                                                            <a href="/obchod/billa/billa-brno-podperova" title="BILLA" data-shop="BILLA" class="product_link_history" data-product="pivo-horka-12-ze-sklepa-pardubicky-pivovar">platí pro 14 nejbližších poboček</a>
                                                    </div>
                                    </td>

                <td class="text-left discounts_price">
                    <span class="discount_price_label">cena</span>
                    <div class="left">
                        <strong class="discount_price_value">15,90&nbsp;Kč</strong>
                    </div>

                                            <div class="discount_amount left">
                            &nbsp;/&nbsp;0.5 l                        </div>
                    
                    
                    <div class="clear"></div>

                    <span style="font-size: 12px;">
                                                                                                31,80&nbsp;Kč&nbsp;/&nbsp;1&nbsp;l                                                                                    </span>

                    
                                            <div class="discount_note">
                            plech                        </div>
                                    </td>

                <td class="text-left discounts_validity valid_discount">
                                                                        dnes končí
                                                            </td>

                <td class="discounts_list_add">

                                            <div class="add_list_wrap">
                        


    
                                
        
        <div class="save_item_content nologin_save_item icon_only "
             data-idf="product_discounts_396856">
			<span class="link_content">
                
    <span class="spinner-absolute spinner-btn no_content hdn"><span class="js-loader"></span></span>

                <a data-rustmp="1" data-action="click" data-fn="rusInit" href="#"
                   aria-label="Přidat produkt do oblíbených - nutné přihlášení uživatele" style="line-height: 0;"
                   class="toggle_saved_item btn btn_default top_link link_heart " data-idf="product_discounts_396856" data-type="product"
                   data-item="396856"><span>Přidat produkt do oblíbených</span></a>
			</span>
                    </div>
                            </div>
                    
                                            <a data-product-id="396856" href="#5093749" role="button" aria-label="Přidat Pivo Hořká 12° Ze sklepa Pardubický Pivovar do nákupního seznamu" data-shop="5" data-price="15.9" data-product="Pivo Hořká 12° Ze sklepa Pardubický Pivovar" class="btn btn_colored btn_list_add no_login">Přidat</a>
                                    </td>
            </tr>
                        </table>
    
    <div class="discounts_show_all_shops only_discount" data-product="396856" style="display: none;">
        <a role="button" href="#396856" class="purple_link discount_all_shops only_discount">Další obchody (<span>-3</span>)</a>
    </div>
</div>

    <div class="product_price_from">
        od <strong>15,90&nbsp;Kč</strong>
    </div>
                            <div class="clear"></div>
        </div>

        
        
        
    

    
        <div class="group_discounts active" data-page="3">
            <div class="absolute product_target" id="340114" style="top: -80px;"></div>

            <div class="product_image">
                <a href="/sleva/pivo-tmavy-lezak-11-samson" title="Pivo tmavý ležák 11° Samson" aria-hidden="true" tabindex="-1" class="open_detail" class="product_link_history" data-product-id="340114" data-product="pivo-tmavy-lezak-11-samson">
                    <img src="/img/no_img/no_discounts.png"
                         data-src="https://img.kupi.cz/kupi/thumbs/pivo-tmavy-lezak-11-samson_box_120_140.jpg"
                         alt="Pivo tmavý ležák 11° Samson">
                </a>
                <span class="label-supplement">ilustrační obrázek</span>
            </div>

            <div class="relative product_discounts">
                <div class="wide left">
                    <div class="relative product_name_around" style="margin-right: 32px;">
                        <div data-product="340114" class="log_product product_name wide">
                            <h2>
                                <a title="Pivo tmavý ležák 11° Samson" aria-label="Pivo tmavý ležák 11° Samson v akci za 11,90 Kč" href="/sleva/pivo-tmavy-lezak-11-samson" class="product_link_history" data-product="pivo-tmavy-lezak-11-samson">
                                    <strong>Pivo tmavý ležák 11° Samson</strong>
                                </a>

                                <span class="nowrap">
                                                                                                                                                                        <span>0.5 l</span>
                                                                                                                        
                                                                    </span>
                            </h2>

                            <div class="product_my_leaflet">
                                


    
                                
        
        <div class="save_item_content nologin_save_item  "
             data-idf="product_discounts_340114">
			<span class="link_content">
                
    <span class="spinner-absolute spinner-btn no_content hdn"><span class="js-loader"></span></span>

                <a data-rustmp="1" data-action="click" data-fn="rusInit" href="#"
                   aria-label="Přidat produkt do oblíbených - nutné přihlášení uživatele" style="line-height: 0;"
                   class="toggle_saved_item btn btn_default top_link link_heart " data-idf="product_discounts_340114" data-type="product"
                   data-item="340114"><span>Přidat produkt do oblíbených</span></a>
			</span>
                            <span class="saved_item_text">
                                                            Zapněte si oblíbené a upozorníme vás na novou akci
                                    		    </span>
                    </div>
                                </div>

                                                                                        <div id="price_340114" class="avg_price">Běžná cena: <span>13,90</span>&nbsp;Kč</div>
                            
                        </div>
                    </div>
                </div>
            </div>

            <div class="clear"></div>
                                    
    
<div class="relative product_discounts product_discounts_overview" id="product_340114">
    <table class="wide discounts_table">

                            
                        
                                        
            <tr data-product="340114" data-discount="5127458" class="log_discount discount_row only_discount" data-key="0.5-l" id="discount_5127458">
                <td width="60" class="text-left discounts_shop_image">
                                            <a href="/letaky/flop" class="product_link_history" data-product="pivo-tmavy-lezak-11-samson" title="FLOP leták">
                            <img src="https://img.kupi.cz/kupi/thumbs/loga_shopy/type-flop_80.png" alt="FLOP leták" width="50">
                        </a>
                                    </td>

                <td class="discounts_shop_info">
                    <span class="discounts_shop_name">
                        <a href="/letaky/flop" class="product_link_history" data-product="pivo-tmavy-lezak-11-samson" title="FLOP">
                            <span>
                                                                    FLOP                                                            </span>
                        </a>

                                                                    </span>

                    
                                            <div class="discounts_markets">
                                                            <a href="/obchod/flop/flop-kurim" title="FLOP" data-shop="FLOP" class="product_link_history" data-product="pivo-tmavy-lezak-11-samson">platí pro 7 nejbližších poboček</a>
                                                    </div>
                                    </td>

                <td class="text-left discounts_price">
                    <span class="discount_price_label">cena</span>
                    <div class="left">
                        <strong class="discount_price_value">11,90&nbsp;Kč</strong>
                    </div>

                                            <div class="discount_amount left">
                            &nbsp;/&nbsp;0.5 l                        </div>
                    
                    
                    <div class="clear"></div>

                    <span style="font-size: 12px;">
                                                                                                23,80&nbsp;Kč&nbsp;/&nbsp;1&nbsp;l                                                                                    </span>

                    
                                            <div class="discount_note">
                            +3 Kč záloha na láhev                        </div>
                                    </td>

                <td class="text-left discounts_validity valid_discount">
                                                                        dnes končí
                                                            </td>

                <td class="discounts_list_add">

                                            <div class="add_list_wrap">
                        


    
                                
        
        <div class="save_item_content nologin_save_item icon_only "
             data-idf="product_discounts_340114">
			<span class="link_content">
                
    <span class="spinner-absolute spinner-btn no_content hdn"><span class="js-loader"></span></span>

                <a data-rustmp="1" data-action="click" data-fn="rusInit" href="#"
                   aria-label="Přidat produkt do oblíbených - nutné přihlášení uživatele" style="line-height: 0;"
                   class="toggle_saved_item btn btn_default top_link link_heart " data-idf="product_discounts_340114" data-type="product"
                   data-item="340114"><span>Přidat produkt do oblíbených</span></a>
			</span>
                    </div>
                            </div>
                    
                                            <a data-product-id="340114" href="#5127458" role="button" aria-label="Přidat Pivo tmavý ležák 11° Samson do nákupního seznamu" data-shop="235" data-price="11.9" data-product="Pivo tmavý ležák 11° Samson" class="btn btn_colored btn_list_add no_login">Přidat</a>
                                    </td>
            </tr>
                        </table>
    
    <div class="discounts_show_all_shops only_discount" data-product="340114" style="display: none;">
        <a role="button" href="#340114" class="purple_link discount_all_shops only_discount">Další obchody (<span>-3</span>)</a>
    </div>
</div>

    <div class="product_price_from">
        od <strong>11,90&nbsp;Kč</strong>
    </div>
                            <div class="clear"></div>
        </div>

        
        
        
    

    
        <div class="group_discounts active" data-page="3">
            <div class="absolute product_target" id="352657" style="top: -80px;"></div>

            <div class="product_image">
                <a href="/sleva/pivo-tmave-vycepni-dark-litovel" title="Pivo tmavé výčepní Dark Litovel" aria-hidden="true" tabindex="-1" class="open_detail" class="product_link_history" data-product-id="352657" data-product="pivo-tmave-vycepni-dark-litovel">
                    <img src="/img/no_img/no_discounts.png"
                         data-src="https://img.kupi.cz/kupi/thumbs/pivo-tmave-vycepni-dark-litovel_box_120_140.png"
                         alt="Pivo tmavé výčepní Dark Litovel">
                </a>
                <span class="label-supplement">ilustrační obrázek</span>
            </div>

            <div class="relative product_discounts">
                <div class="wide left">
                    <div class="relative product_name_around" style="margin-right: 32px;">
                        <div data-product="352657" class="log_product product_name wide">
                            <h2>
                                <a title="Pivo tmavé výčepní Dark Litovel" aria-label="Pivo tmavé výčepní Dark Litovel v akci za 13,90 Kč" href="/sleva/pivo-tmave-vycepni-dark-litovel" class="product_link_history" data-product="pivo-tmave-vycepni-dark-litovel">
                                    <strong>Pivo tmavé výčepní Dark Litovel</strong>
                                </a>

                                <span class="nowrap">
                                                                                                                                                                        <span>0.5 l</span>
                                                                                                                        
                                                                    </span>
                            </h2>

                            <div class="product_my_leaflet">
                                


    
                                
        
        <div class="save_item_content nologin_save_item  "
             data-idf="product_discounts_352657">
			<span class="link_content">
                
    <span class="spinner-absolute spinner-btn no_content hdn"><span class="js-loader"></span></span>

                <a data-rustmp="1" data-action="click" data-fn="rusInit" href="#"
                   aria-label="Přidat produkt do oblíbených - nutné přihlášení uživatele" style="line-height: 0;"
                   class="toggle_saved_item btn btn_default top_link link_heart " data-idf="product_discounts_352657" data-type="product"
                   data-item="352657"><span>Přidat produkt do oblíbených</span></a>
			</span>
                            <span class="saved_item_text">
                                                            Zapněte si oblíbené a upozorníme vás na novou akci
                                    		    </span>
                    </div>
                                </div>

                                                                                        <div id="price_352657" class="avg_price inactive">Běžná cena: <span>0,00</span>&nbsp;Kč</div>
                            
                        </div>
                    </div>
                </div>
            </div>

            <div class="clear"></div>
                                    
    
<div class="relative product_discounts product_discounts_overview" id="product_352657">
    <table class="wide discounts_table">

                            
                        
                                        
            <tr data-product="352657" data-discount="5100007" class="log_discount discount_row only_discount" data-key="0.5-l" id="discount_5100007">
                <td width="60" class="text-left discounts_shop_image">
                                            <a href="/letaky/cba" class="product_link_history" data-product="pivo-tmave-vycepni-dark-litovel" title="CBA leták">
                            <img src="https://img.kupi.cz/kupi/thumbs/loga_shopy/cba_80.png" alt="CBA leták" width="50">
                        </a>
                                    </td>

                <td class="discounts_shop_info">
                    <span class="discounts_shop_name">
                        <a href="/letaky/cba" class="product_link_history" data-product="pivo-tmave-vycepni-dark-litovel" title="CBA">
                            <span>
                                                                    CBA
                                                                                                                                                                            </span>
                        </a>

                                                                    </span>

                    
                                            <div class="discounts_markets">
                                                            <a href="/obchod/cba/potraviny-4" title="CBA" data-shop="CBA" class="product_link_history" data-product="pivo-tmave-vycepni-dark-litovel">platí pro 24 nejbližších poboček</a>
                                                    </div>
                                    </td>

                <td class="text-left discounts_price">
                    <span class="discount_price_label">cena</span>
                    <div class="left">
                        <strong class="discount_price_value">13,90&nbsp;Kč</strong>
                    </div>

                                            <div class="discount_amount left">
                            &nbsp;/&nbsp;0.5 l                        </div>
                    
                    
                    <div class="clear"></div>

                    <span style="font-size: 12px;">
                                                                                                27,80&nbsp;Kč&nbsp;/&nbsp;1&nbsp;l                                                                                    </span>

                    
                                            <div class="discount_note">
                            +3 Kč záloha na láhev, pouze ve vybraných prodejnách                        </div>
                                    </td>

                <td class="text-left discounts_validity valid_discount">
                                                                        dnes končí
                                                            </td>

                <td class="discounts_list_add">

                                            <div class="add_list_wrap">
                        


    
                                
        
        <div class="save_item_content nologin_save_item icon_only "
             data-idf="product_discounts_352657">
			<span class="link_content">
                
    <span class="spinner-absolute spinner-btn no_content hdn"><span class="js-loader"></span></span>

                <a data-rustmp="1" data-action="click" data-fn="rusInit" href="#"
                   aria-label="Přidat produkt do oblíbených - nutné přihlášení uživatele" style="line-height: 0;"
                   class="toggle_saved_item btn btn_default top_link link_heart " data-idf="product_discounts_352657" data-type="product"
                   data-item="352657"><span>Přidat produkt do oblíbených</span></a>
			</span>
                    </div>
                            </div>
                    
                                            <a data-product-id="352657" href="#5100007" role="button" aria-label="Přidat Pivo tmavé výčepní Dark Litovel do nákupního seznamu" data-shop="257" data-price="13.9" data-product="Pivo tmavé výčepní Dark Litovel" class="btn btn_colored btn_list_add no_login">Přidat</a>
                                    </td>
            </tr>
                        </table>
    
    <div class="discounts_show_all_shops only_discount" data-product="352657" style="display: none;">
        <a role="button" href="#352657" class="purple_link discount_all_shops only_discount">Další obchody (<span>-3</span>)</a>
    </div>
</div>

    <div class="product_price_from">
        od <strong>13,90&nbsp;Kč</strong>
    </div>
                            <div class="clear"></div>
        </div>

        
        
        
    

    
        <div class="group_discounts active" data-page="3">
            <div class="absolute product_target" id="314360" style="top: -80px;"></div>

            <div class="product_image">
                <a href="/sleva/pivo-svetly-lezak-nefiltrovany-vaclav-litovel" title="Pivo světlý ležák nefiltrovaný Václav Litovel" aria-hidden="true" tabindex="-1" class="open_detail" class="product_link_history" data-product-id="314360" data-product="pivo-svetly-lezak-nefiltrovany-vaclav-litovel">
                    <img src="/img/no_img/no_discounts.png"
                         data-src="https://img.kupi.cz/kupi/thumbs/pivo-svetly-lezak-nefiltrovany-vaclav-litovel_box_120_140.png"
                         alt="Pivo světlý ležák nefiltrovaný Václav Litovel">
                </a>
                <span class="label-supplement">ilustrační obrázek</span>
            </div>

            <div class="relative product_discounts">
                <div class="wide left">
                    <div class="relative product_name_around" style="margin-right: 32px;">
                        <div data-product="314360" class="log_product product_name wide">
                            <h2>
                                <a title="Pivo světlý ležák nefiltrovaný Václav Litovel" aria-label="Pivo světlý ležák nefiltrovaný Václav Litovel v akci za 126,90 Kč" href="/sleva/pivo-svetly-lezak-nefiltrovany-vaclav-litovel" class="product_link_history" data-product="pivo-svetly-lezak-nefiltrovany-vaclav-litovel">
                                    <strong>Pivo světlý ležák nefiltrovaný Václav Litovel</strong>
                                </a>

                                <span class="nowrap">
                                                                                                                                                                        <span>0.5 l</span>
                                                                                                                        
                                                                    </span>
                            </h2>

                            <div class="product_my_leaflet">
                                


    
                                
        
        <div class="save_item_content nologin_save_item  "
             data-idf="product_discounts_314360">
			<span class="link_content">
                
    <span class="spinner-absolute spinner-btn no_content hdn"><span class="js-loader"></span></span>

                <a data-rustmp="1" data-action="click" data-fn="rusInit" href="#"
                   aria-label="Přidat produkt do oblíbených - nutné přihlášení uživatele" style="line-height: 0;"
                   class="toggle_saved_item btn btn_default top_link link_heart " data-idf="product_discounts_314360" data-type="product"
                   data-item="314360"><span>Přidat produkt do oblíbených</span></a>
			</span>
                            <span class="saved_item_text">
                                                            Zapněte si oblíbené a upozorníme vás na novou akci
                                    		    </span>
                    </div>
                                </div>

                                                                                        <div id="price_314360" class="avg_price inactive">Běžná cena: <span>0,00</span>&nbsp;Kč</div>
                            
                        </div>
                    </div>
                </div>
            </div>

            <div class="clear"></div>
                                    
    
<div class="relative product_discounts product_discounts_overview" id="product_314360">
    <table class="wide discounts_table">

                            
                        
                                        
            <tr data-product="314360" data-discount="5128745" class="log_discount discount_row only_discount" data-key="0.5-l" id="discount_5128745">
                <td width="60" class="text-left discounts_shop_image">
                                            <a href="/letaky/billa" class="product_link_history" data-product="pivo-svetly-lezak-nefiltrovany-vaclav-litovel" title="BILLA leták">
                            <img src="https://img.kupi.cz/kupi/thumbs/loga_shopy/billa_80.png" alt="BILLA leták" width="50">
                        </a>
                                    </td>

                <td class="discounts_shop_info">
                    <span class="discounts_shop_name">
                        <a href="/letaky/billa" class="product_link_history" data-product="pivo-svetly-lezak-nefiltrovany-vaclav-litovel" title="BILLA">
                            <span>
                                                                    BILLA
                                                                                                                                                                            </span>
                        </a>

                                                                    </span>

                    
                                            <div class="discounts_markets">
                                                            <a href="/obchod/billa/billa-brno-podperova" title="BILLA" data-shop="BILLA" class="product_link_history" data-product="pivo-svetly-lezak-nefiltrovany-vaclav-litovel">platí pro 14 nejbližších poboček</a>
                                                    </div>
                                    </td>

                <td class="text-left discounts_price">
                    <span class="discount_price_label">cena</span>
                    <div class="left">
                        <strong class="discount_price_value">126,90&nbsp;Kč</strong>
                    </div>

                                            <div class="discount_amount left">
                            &nbsp;/&nbsp;8x 0.5 l                        </div>
                    
                    
                    <div class="clear"></div>

                    <span style="font-size: 12px;">
                                                                                                31,73&nbsp;Kč&nbsp;/&nbsp;1&nbsp;l                                                                                    </span>

                    
                                            <div class="discount_note">
                            +24 Kč záloha na láhve                        </div>
                                    </td>

                <td class="text-left discounts_validity valid_discount">
                                                                        platí do neděle <span style="white-space: nowrap;">25. 9. </span>
                                                            </td>

                <td class="discounts_list_add">

                                            <div class="add_list_wrap">
                        


    
                                
        
        <div class="save_item_content nologin_save_item icon_only "
             data-idf="product_discounts_314360">
			<span class="link_content">
                
    <span class="spinner-absolute spinner-btn no_content hdn"><span class="js-loader"></span></span>

                <a data-rustmp="1" data-action="click" data-fn="rusInit" href="#"
                   aria-label="Přidat produkt do oblíbených - nutné přihlášení uživatele" style="line-height: 0;"
                   class="toggle_saved_item btn btn_default top_link link_heart " data-idf="product_discounts_314360" data-type="product"
                   data-item="314360"><span>Přidat produkt do oblíbených</span></a>
			</span>
                    </div>
                            </div>
                    
                                            <a data-product-id="314360" href="#5128745" role="button" aria-label="Přidat Pivo světlý ležák nefiltrovaný Václav Litovel do nákupního seznamu" data-shop="5" data-price="126.9" data-product="Pivo světlý ležák nefiltrovaný Václav Litovel" class="btn btn_colored btn_list_add no_login">Přidat</a>
                                    </td>
            </tr>
                        </table>
    
    <div class="discounts_show_all_shops only_discount" data-product="314360" style="display: none;">
        <a role="button" href="#314360" class="purple_link discount_all_shops only_discount">Další obchody (<span>-3</span>)</a>
    </div>
</div>

    <div class="product_price_from">
        od <strong>126,90&nbsp;Kč</strong>
    </div>
                            <div class="clear"></div>
        </div>

        
        
        
    

    
        <div class="group_discounts active" data-page="3">
            <div class="absolute product_target" id="87894" style="top: -80px;"></div>

            <div class="product_image">
                <a href="/sleva/pivo-keltske-dedictvi" title="Pivo Keltské dědictví" aria-hidden="true" tabindex="-1" class="open_detail" class="product_link_history" data-product-id="87894" data-product="pivo-keltske-dedictvi">
                    <img src="/img/no_img/no_discounts.png"
                         data-src="https://img.kupi.cz/kupi/thumbs/pivo-keltske-dedictvi_box_120_140.jpg"
                         alt="Pivo Keltské dědictví">
                </a>
                <span class="label-supplement">ilustrační obrázek</span>
            </div>

            <div class="relative product_discounts">
                <div class="wide left">
                    <div class="relative product_name_around" style="margin-right: 32px;">
                        <div data-product="87894" class="log_product product_name wide">
                            <h2>
                                <a title="Pivo Keltské dědictví" aria-label="Pivo Keltské dědictví v akci za 49,90 Kč" href="/sleva/pivo-keltske-dedictvi" class="product_link_history" data-product="pivo-keltske-dedictvi">
                                    <strong>Pivo Keltské dědictví</strong>
                                </a>

                                <span class="nowrap">
                                                                                                                                                                        <span>1 l</span>
                                                                                                                        
                                                                    </span>
                            </h2>

                            <div class="product_my_leaflet">
                                


    
                                
        
        <div class="save_item_content nologin_save_item  "
             data-idf="product_discounts_87894">
			<span class="link_content">
                
    <span class="spinner-absolute spinner-btn no_content hdn"><span class="js-loader"></span></span>

                <a data-rustmp="1" data-action="click" data-fn="rusInit" href="#"
                   aria-label="Přidat produkt do oblíbených - nutné přihlášení uživatele" style="line-height: 0;"
                   class="toggle_saved_item btn btn_default top_link link_heart " data-idf="product_discounts_87894" data-type="product"
                   data-item="87894"><span>Přidat produkt do oblíbených</span></a>
			</span>
                            <span class="saved_item_text">
                                                            Zapněte si oblíbené a upozorníme vás na novou akci
                                    		    </span>
                    </div>
                                </div>

                                                                                        <div id="price_87894" class="avg_price">Běžná cena: <span>49,90</span>&nbsp;Kč</div>
                            
                        </div>
                    </div>
                </div>
            </div>

            <div class="clear"></div>
                                    
    
<div class="relative product_discounts product_discounts_overview" id="product_87894">
    <table class="wide discounts_table">

                            
                        
                                        
            <tr data-product="87894" data-discount="5128754" class="log_discount discount_row only_discount" data-key="1-l" id="discount_5128754">
                <td width="60" class="text-left discounts_shop_image">
                                            <a href="/letaky/billa" class="product_link_history" data-product="pivo-keltske-dedictvi" title="BILLA leták">
                            <img src="https://img.kupi.cz/kupi/thumbs/loga_shopy/billa_80.png" alt="BILLA leták" width="50">
                        </a>
                                    </td>

                <td class="discounts_shop_info">
                    <span class="discounts_shop_name">
                        <a href="/letaky/billa" class="product_link_history" data-product="pivo-keltske-dedictvi" title="BILLA">
                            <span>
                                                                    BILLA
                                                                                                                                                                            </span>
                        </a>

                                                                    </span>

                    
                                            <div class="discounts_markets">
                                                            <a href="/obchod/billa/billa-brno-podperova" title="BILLA" data-shop="BILLA" class="product_link_history" data-product="pivo-keltske-dedictvi">platí pro 14 nejbližších poboček</a>
                                                    </div>
                                    </td>

                <td class="text-left discounts_price">
                    <span class="discount_price_label">cena</span>
                    <div class="left">
                        <strong class="discount_price_value">49,90&nbsp;Kč</strong>
                    </div>

                                            <div class="discount_amount left">
                            &nbsp;/&nbsp;1 l                        </div>
                    
                    
                    <div class="clear"></div>

                    <span style="font-size: 12px;">
                                                                                                49,90&nbsp;Kč&nbsp;/&nbsp;1&nbsp;l                                                                                    </span>

                    
                                            <div class="discount_note">
                            plech                        </div>
                                    </td>

                <td class="text-left discounts_validity valid_discount">
                                                                        platí do neděle <span style="white-space: nowrap;">25. 9. </span>
                                                            </td>

                <td class="discounts_list_add">

                                            <div class="add_list_wrap">
                        


    
                                
        
        <div class="save_item_content nologin_save_item icon_only "
             data-idf="product_discounts_87894">
			<span class="link_content">
                
    <span class="spinner-absolute spinner-btn no_content hdn"><span class="js-loader"></span></span>

                <a data-rustmp="1" data-action="click" data-fn="rusInit" href="#"
                   aria-label="Přidat produkt do oblíbených - nutné přihlášení uživatele" style="line-height: 0;"
                   class="toggle_saved_item btn btn_default top_link link_heart " data-idf="product_discounts_87894" data-type="product"
                   data-item="87894"><span>Přidat produkt do oblíbených</span></a>
			</span>
                    </div>
                            </div>
                    
                                            <a data-product-id="87894" href="#5128754" role="button" aria-label="Přidat Pivo Keltské dědictví do nákupního seznamu" data-shop="5" data-price="49.9" data-product="Pivo Keltské dědictví" class="btn btn_colored btn_list_add no_login">Přidat</a>
                                    </td>
            </tr>
                        </table>
    
    <div class="discounts_show_all_shops only_discount" data-product="87894" style="display: none;">
        <a role="button" href="#87894" class="purple_link discount_all_shops only_discount">Další obchody (<span>-3</span>)</a>
    </div>
</div>

    <div class="product_price_from">
        od <strong>49,90&nbsp;Kč</strong>
    </div>
                            <div class="clear"></div>
        </div>

        
        
        
    

    
        <div class="group_discounts active" data-page="3">
            <div class="absolute product_target" id="44512" style="top: -80px;"></div>

            <div class="product_image">
                <a href="/sleva/pivo-psenicne-svetle-wheat-beer-harboe" title="Pivo pšeničné světlé Wheat Beer Harboe" aria-hidden="true" tabindex="-1" class="open_detail" class="product_link_history" data-product-id="44512" data-product="pivo-psenicne-svetle-wheat-beer-harboe">
                    <img src="/img/no_img/no_discounts.png"
                         data-src="https://img.kupi.cz/kupi/thumbs/pivo-psenicne-svetle-wheat-beer-harboe_box_120_140.jpg"
                         alt="Pivo pšeničné světlé Wheat Beer Harboe">
                </a>
                <span class="label-supplement">ilustrační obrázek</span>
            </div>

            <div class="relative product_discounts">
                <div class="wide left">
                    <div class="relative product_name_around" style="margin-right: 32px;">
                        <div data-product="44512" class="log_product product_name wide">
                            <h2>
                                <a title="Pivo pšeničné světlé Wheat Beer Harboe" aria-label="Pivo pšeničné světlé Wheat Beer Harboe v akci za 14,90 Kč" href="/sleva/pivo-psenicne-svetle-wheat-beer-harboe" class="product_link_history" data-product="pivo-psenicne-svetle-wheat-beer-harboe">
                                    <strong>Pivo pšeničné světlé Wheat Beer Harboe</strong>
                                </a>

                                <span class="nowrap">
                                                                                                                                                                        <span>0.5 l</span>
                                                                                                                        
                                                                    </span>
                            </h2>

                            <div class="product_my_leaflet">
                                


    
                                
        
        <div class="save_item_content nologin_save_item  "
             data-idf="product_discounts_44512">
			<span class="link_content">
                
    <span class="spinner-absolute spinner-btn no_content hdn"><span class="js-loader"></span></span>

                <a data-rustmp="1" data-action="click" data-fn="rusInit" href="#"
                   aria-label="Přidat produkt do oblíbených - nutné přihlášení uživatele" style="line-height: 0;"
                   class="toggle_saved_item btn btn_default top_link link_heart " data-idf="product_discounts_44512" data-type="product"
                   data-item="44512"><span>Přidat produkt do oblíbených</span></a>
			</span>
                            <span class="saved_item_text">
                                                            Zapněte si oblíbené a upozorníme vás na novou akci
                                    		    </span>
                    </div>
                                </div>

                                                                                        <div id="price_44512" class="avg_price inactive">Běžná cena: <span>0,00</span>&nbsp;Kč</div>
                            
                        </div>
                    </div>
                </div>
            </div>

            <div class="clear"></div>
                                    
    
<div class="relative product_discounts product_discounts_overview" id="product_44512">
    <table class="wide discounts_table">

                            
                        
                                        
            <tr data-product="44512" data-discount="5130368" class="log_discount discount_row only_discount" data-key="0.5-l" id="discount_5130368">
                <td width="60" class="text-left discounts_shop_image">
                                            <a href="/letaky/lidl" class="product_link_history" data-product="pivo-psenicne-svetle-wheat-beer-harboe" title="Lidl leták">
                            <img src="https://img.kupi.cz/kupi/thumbs/loga_shopy/lidl_80.png" alt="Lidl leták" width="50">
                        </a>
                                    </td>

                <td class="discounts_shop_info">
                    <span class="discounts_shop_name">
                        <a href="/letaky/lidl" class="product_link_history" data-product="pivo-psenicne-svetle-wheat-beer-harboe" title="Lidl">
                            <span>
                                                                    Lidl
                                                                                                                                                                            </span>
                        </a>

                                                                    </span>

                    
                                            <div class="discounts_markets">
                                                            <a href="/obchod/lidl/lidl-kurim" title="Lidl" data-shop="Lidl" class="product_link_history" data-product="pivo-psenicne-svetle-wheat-beer-harboe">platí pro 21 nejbližších poboček</a>
                                                    </div>
                                    </td>

                <td class="text-left discounts_price">
                    <span class="discount_price_label">cena</span>
                    <div class="left">
                        <strong class="discount_price_value">14,90&nbsp;Kč</strong>
                    </div>

                                            <div class="discount_amount left">
                            &nbsp;/&nbsp;0.5 l                        </div>
                    
                    
                    <div class="clear"></div>

                    <span style="font-size: 12px;">
                                                                                                29,80&nbsp;Kč&nbsp;/&nbsp;1&nbsp;l                                                                                    </span>

                    
                                            <div class="discount_note">
                            plech                        </div>
                                    </td>

                <td class="text-left discounts_validity valid_discount">
                                                                        dnes končí
                                                            </td>

                <td class="discounts_list_add">

                                            <div class="add_list_wrap">
                        


    
                                
        
        <div class="save_item_content nologin_save_item icon_only "
             data-idf="product_discounts_44512">
			<span class="link_content">
                
    <span class="spinner-absolute spinner-btn no_content hdn"><span class="js-loader"></span></span>

                <a data-rustmp="1" data-action="click" data-fn="rusInit" href="#"
                   aria-label="Přidat produkt do oblíbených - nutné přihlášení uživatele" style="line-height: 0;"
                   class="toggle_saved_item btn btn_default top_link link_heart " data-idf="product_discounts_44512" data-type="product"
                   data-item="44512"><span>Přidat produkt do oblíbených</span></a>
			</span>
                    </div>
                            </div>
                    
                                            <a data-product-id="44512" href="#5130368" role="button" aria-label="Přidat Pivo pšeničné světlé Wheat Beer Harboe do nákupního seznamu" data-shop="6" data-price="14.9" data-product="Pivo pšeničné světlé Wheat Beer Harboe" class="btn btn_colored btn_list_add no_login">Přidat</a>
                                    </td>
            </tr>
                        </table>
    
    <div class="discounts_show_all_shops only_discount" data-product="44512" style="display: none;">
        <a role="button" href="#44512" class="purple_link discount_all_shops only_discount">Další obchody (<span>-3</span>)</a>
    </div>
</div>

    <div class="product_price_from">
        od <strong>14,90&nbsp;Kč</strong>
    </div>
                            <div class="clear"></div>
        </div>

        
        
        
    

    
        <div class="group_discounts active" data-page="3">
            <div class="absolute product_target" id="314462" style="top: -80px;"></div>

            <div class="product_image">
                <a href="/sleva/pivo-ochucene-radler-harboe" title="Pivo ochucené Radler Harboe" aria-hidden="true" tabindex="-1" class="open_detail" class="product_link_history" data-product-id="314462" data-product="pivo-ochucene-radler-harboe">
                    <img src="/img/no_img/no_discounts.png"
                         data-src="https://img.kupi.cz/kupi/thumbs/pivo-ochucene-radler-harboe_box_120_140.jpg"
                         alt="Pivo ochucené Radler Harboe">
                </a>
                <span class="label-supplement">ilustrační obrázek</span>
            </div>

            <div class="relative product_discounts">
                <div class="wide left">
                    <div class="relative product_name_around" style="margin-right: 32px;">
                        <div data-product="314462" class="log_product product_name wide">
                            <h2>
                                <a title="Pivo ochucené Radler Harboe" aria-label="Pivo ochucené Radler Harboe v akci za 10,90 Kč" href="/sleva/pivo-ochucene-radler-harboe" class="product_link_history" data-product="pivo-ochucene-radler-harboe">
                                    <strong>Pivo ochucené Radler Harboe</strong>
                                </a>

                                <span class="nowrap">
                                                                                                                                                                        <span>0.5 l</span>
                                                                                                                        
                                                                    </span>
                            </h2>

                            <div class="product_my_leaflet">
                                


    
                                
        
        <div class="save_item_content nologin_save_item  "
             data-idf="product_discounts_314462">
			<span class="link_content">
                
    <span class="spinner-absolute spinner-btn no_content hdn"><span class="js-loader"></span></span>

                <a data-rustmp="1" data-action="click" data-fn="rusInit" href="#"
                   aria-label="Přidat produkt do oblíbených - nutné přihlášení uživatele" style="line-height: 0;"
                   class="toggle_saved_item btn btn_default top_link link_heart " data-idf="product_discounts_314462" data-type="product"
                   data-item="314462"><span>Přidat produkt do oblíbených</span></a>
			</span>
                            <span class="saved_item_text">
                                                            Zapněte si oblíbené a upozorníme vás na novou akci
                                    		    </span>
                    </div>
                                </div>

                                                                                        <div id="price_314462" class="avg_price inactive">Běžná cena: <span>0,00</span>&nbsp;Kč</div>
                            
                        </div>
                    </div>
                </div>
            </div>

            <div class="clear"></div>
                                    
    
<div class="relative product_discounts product_discounts_overview" id="product_314462">
    <table class="wide discounts_table">

                            
                        
                                        
            <tr data-product="314462" data-discount="5130362" class="log_discount discount_row only_discount" data-key="0.5-l" id="discount_5130362">
                <td width="60" class="text-left discounts_shop_image">
                                            <a href="/letaky/lidl" class="product_link_history" data-product="pivo-ochucene-radler-harboe" title="Lidl leták">
                            <img src="https://img.kupi.cz/kupi/thumbs/loga_shopy/lidl_80.png" alt="Lidl leták" width="50">
                        </a>
                                    </td>

                <td class="discounts_shop_info">
                    <span class="discounts_shop_name">
                        <a href="/letaky/lidl" class="product_link_history" data-product="pivo-ochucene-radler-harboe" title="Lidl">
                            <span>
                                                                    Lidl
                                                                                                                                                                            </span>
                        </a>

                                                                    </span>

                    
                                            <div class="discounts_markets">
                                                            <a href="/obchod/lidl/lidl-kurim" title="Lidl" data-shop="Lidl" class="product_link_history" data-product="pivo-ochucene-radler-harboe">platí pro 21 nejbližších poboček</a>
                                                    </div>
                                    </td>

                <td class="text-left discounts_price">
                    <span class="discount_price_label">cena</span>
                    <div class="left">
                        <strong class="discount_price_value">10,90&nbsp;Kč</strong>
                    </div>

                                            <div class="discount_amount left">
                            &nbsp;/&nbsp;0.5 l                        </div>
                    
                    
                    <div class="clear"></div>

                    <span style="font-size: 12px;">
                                                                                                21,80&nbsp;Kč&nbsp;/&nbsp;1&nbsp;l                                                                                    </span>

                    
                                            <div class="discount_note">
                            plech                        </div>
                                    </td>

                <td class="text-left discounts_validity valid_discount">
                                                                        dnes končí
                                                            </td>

                <td class="discounts_list_add">

                                            <div class="add_list_wrap">
                        


    
                                
        
        <div class="save_item_content nologin_save_item icon_only "
             data-idf="product_discounts_314462">
			<span class="link_content">
                
    <span class="spinner-absolute spinner-btn no_content hdn"><span class="js-loader"></span></span>

                <a data-rustmp="1" data-action="click" data-fn="rusInit" href="#"
                   aria-label="Přidat produkt do oblíbených - nutné přihlášení uživatele" style="line-height: 0;"
                   class="toggle_saved_item btn btn_default top_link link_heart " data-idf="product_discounts_314462" data-type="product"
                   data-item="314462"><span>Přidat produkt do oblíbených</span></a>
			</span>
                    </div>
                            </div>
                    
                                            <a data-product-id="314462" href="#5130362" role="button" aria-label="Přidat Pivo ochucené Radler Harboe do nákupního seznamu" data-shop="6" data-price="10.9" data-product="Pivo ochucené Radler Harboe" class="btn btn_colored btn_list_add no_login">Přidat</a>
                                    </td>
            </tr>
                        </table>
    
    <div class="discounts_show_all_shops only_discount" data-product="314462" style="display: none;">
        <a role="button" href="#314462" class="purple_link discount_all_shops only_discount">Další obchody (<span>-3</span>)</a>
    </div>
</div>

    <div class="product_price_from">
        od <strong>10,90&nbsp;Kč</strong>
    </div>
                            <div class="clear"></div>
        </div>

        
        
        
    

    
        <div class="group_discounts active" data-page="3">
            <div class="absolute product_target" id="368054" style="top: -80px;"></div>

            <div class="product_image">
                <a href="/sleva/pivo-tmavy-lezak-premium-litovel" title="Pivo tmavý ležák Premium Litovel" aria-hidden="true" tabindex="-1" class="open_detail" class="product_link_history" data-product-id="368054" data-product="pivo-tmavy-lezak-premium-litovel">
                    <img src="/img/no_img/no_discounts.png"
                         data-src="https://img.kupi.cz/kupi/thumbs/pivo-stmavy-lezak-premium-litovel_box_120_140.png"
                         alt="Pivo tmavý ležák Premium Litovel">
                </a>
                <span class="label-supplement">ilustrační obrázek</span>
            </div>

            <div class="relative product_discounts">
                <div class="wide left">
                    <div class="relative product_name_around" style="margin-right: 32px;">
                        <div data-product="368054" class="log_product product_name wide">
                            <h2>
                                <a title="Pivo tmavý ležák Premium Litovel" aria-label="Pivo tmavý ležák Premium Litovel v akci za 13,90 Kč" href="/sleva/pivo-tmavy-lezak-premium-litovel" class="product_link_history" data-product="pivo-tmavy-lezak-premium-litovel">
                                    <strong>Pivo tmavý ležák Premium Litovel</strong>
                                </a>

                                <span class="nowrap">
                                                                                                                                                                        <span>0.5 l</span>
                                                                                                                        
                                                                    </span>
                            </h2>

                            <div class="product_my_leaflet">
                                


    
                                
        
        <div class="save_item_content nologin_save_item  "
             data-idf="product_discounts_368054">
			<span class="link_content">
                
    <span class="spinner-absolute spinner-btn no_content hdn"><span class="js-loader"></span></span>

                <a data-rustmp="1" data-action="click" data-fn="rusInit" href="#"
                   aria-label="Přidat produkt do oblíbených - nutné přihlášení uživatele" style="line-height: 0;"
                   class="toggle_saved_item btn btn_default top_link link_heart " data-idf="product_discounts_368054" data-type="product"
                   data-item="368054"><span>Přidat produkt do oblíbených</span></a>
			</span>
                            <span class="saved_item_text">
                                                            Zapněte si oblíbené a upozorníme vás na novou akci
                                    		    </span>
                    </div>
                                </div>

                                                                                        <div id="price_368054" class="avg_price inactive">Běžná cena: <span>0,00</span>&nbsp;Kč</div>
                            
                        </div>
                    </div>
                </div>
            </div>

            <div class="clear"></div>
                                    
    
<div class="relative product_discounts product_discounts_overview" id="product_368054">
    <table class="wide discounts_table">

                            
                        
                                        
            <tr data-product="368054" data-discount="5100922" class="log_discount discount_row only_discount" data-key="0.5-l" id="discount_5100922">
                <td width="60" class="text-left discounts_shop_image">
                                            <a href="/letaky/cba" class="product_link_history" data-product="pivo-tmavy-lezak-premium-litovel" title="CBA leták">
                            <img src="https://img.kupi.cz/kupi/thumbs/loga_shopy/cba_80.png" alt="CBA leták" width="50">
                        </a>
                                    </td>

                <td class="discounts_shop_info">
                    <span class="discounts_shop_name">
                        <a href="/letaky/cba" class="product_link_history" data-product="pivo-tmavy-lezak-premium-litovel" title="CBA">
                            <span>
                                                                    CBA
                                                                                                                                                                            </span>
                        </a>

                                                                    </span>

                    
                                            <div class="discounts_markets">
                                                            <a href="/obchod/cba/bacom-s-r-o-potraviny-5" title="CBA" data-shop="CBA" class="product_link_history" data-product="pivo-tmavy-lezak-premium-litovel">platí pro 8 nejbližších poboček</a>
                                                    </div>
                                    </td>

                <td class="text-left discounts_price">
                    <span class="discount_price_label">cena</span>
                    <div class="left">
                        <strong class="discount_price_value">13,90&nbsp;Kč</strong>
                    </div>

                                            <div class="discount_amount left">
                            &nbsp;/&nbsp;0.5 l                        </div>
                    
                    
                    <div class="clear"></div>

                    <span style="font-size: 12px;">
                                                                                                27,80&nbsp;Kč&nbsp;/&nbsp;1&nbsp;l                                                                                    </span>

                    
                                            <div class="discount_note">
                            +3 Kč záloha na láhev, pouze ve vybraných prodejnách                        </div>
                                    </td>

                <td class="text-left discounts_validity valid_discount">
                                                                        dnes končí
                                                            </td>

                <td class="discounts_list_add">

                                            <div class="add_list_wrap">
                        


    
                                
        
        <div class="save_item_content nologin_save_item icon_only "
             data-idf="product_discounts_368054">
			<span class="link_content">
                
    <span class="spinner-absolute spinner-btn no_content hdn"><span class="js-loader"></span></span>

                <a data-rustmp="1" data-action="click" data-fn="rusInit" href="#"
                   aria-label="Přidat produkt do oblíbených - nutné přihlášení uživatele" style="line-height: 0;"
                   class="toggle_saved_item btn btn_default top_link link_heart " data-idf="product_discounts_368054" data-type="product"
                   data-item="368054"><span>Přidat produkt do oblíbených</span></a>
			</span>
                    </div>
                            </div>
                    
                                            <a data-product-id="368054" href="#5100922" role="button" aria-label="Přidat Pivo tmavý ležák Premium Litovel do nákupního seznamu" data-shop="257" data-price="13.9" data-product="Pivo tmavý ležák Premium Litovel" class="btn btn_colored btn_list_add no_login">Přidat</a>
                                    </td>
            </tr>
                        </table>
    
    <div class="discounts_show_all_shops only_discount" data-product="368054" style="display: none;">
        <a role="button" href="#368054" class="purple_link discount_all_shops only_discount">Další obchody (<span>-3</span>)</a>
    </div>
</div>

    <div class="product_price_from">
        od <strong>13,90&nbsp;Kč</strong>
    </div>
                            <div class="clear"></div>
        </div>

        
        
        
    

    
        <div class="group_discounts active" data-page="3">
            <div class="absolute product_target" id="401224" style="top: -80px;"></div>

            <div class="product_image">
                <a href="/sleva/pivo-svetly-lezak-nastro-azzuro-peroni" title="Pivo světlý ležák Nastro Azzuro Peroni" aria-hidden="true" tabindex="-1" class="open_detail" class="product_link_history" data-product-id="401224" data-product="pivo-svetly-lezak-nastro-azzuro-peroni">
                    <img src="/img/no_img/no_discounts.png"
                         data-src="https://img.kupi.cz/kupi/thumbs/pivo-svetly-lezak-nastro-azzuro-peroni_box_120_140.jpg"
                         alt="Pivo světlý ležák Nastro Azzuro Peroni">
                </a>
                <span class="label-supplement">ilustrační obrázek</span>
            </div>

            <div class="relative product_discounts">
                <div class="wide left">
                    <div class="relative product_name_around" style="margin-right: 32px;">
                        <div data-product="401224" class="log_product product_name wide">
                            <h2>
                                <a title="Pivo světlý ležák Nastro Azzuro Peroni" aria-label="Pivo světlý ležák Nastro Azzuro Peroni v akci za 16,90 Kč" href="/sleva/pivo-svetly-lezak-nastro-azzuro-peroni" class="product_link_history" data-product="pivo-svetly-lezak-nastro-azzuro-peroni">
                                    <strong>Pivo světlý ležák Nastro Azzuro Peroni</strong>
                                </a>

                                <span class="nowrap">
                                                                                                                                                                        <span>0.33 l</span>
                                                                                                                        
                                                                    </span>
                            </h2>

                            <div class="product_my_leaflet">
                                


    
                                
        
        <div class="save_item_content nologin_save_item  "
             data-idf="product_discounts_401224">
			<span class="link_content">
                
    <span class="spinner-absolute spinner-btn no_content hdn"><span class="js-loader"></span></span>

                <a data-rustmp="1" data-action="click" data-fn="rusInit" href="#"
                   aria-label="Přidat produkt do oblíbených - nutné přihlášení uživatele" style="line-height: 0;"
                   class="toggle_saved_item btn btn_default top_link link_heart " data-idf="product_discounts_401224" data-type="product"
                   data-item="401224"><span>Přidat produkt do oblíbených</span></a>
			</span>
                            <span class="saved_item_text">
                                                            Zapněte si oblíbené a upozorníme vás na novou akci
                                    		    </span>
                    </div>
                                </div>

                                                                                        <div id="price_401224" class="avg_price">Běžná cena: <span>22,90</span>&nbsp;Kč</div>
                            
                        </div>
                    </div>
                </div>
            </div>

            <div class="clear"></div>
                                    
    
<div class="relative product_discounts product_discounts_overview" id="product_401224">
    <table class="wide discounts_table">

                            
                        
                                        
            <tr data-product="401224" data-discount="5111122" class="log_discount discount_row only_discount" data-key="0.33-l" id="discount_5111122">
                <td width="60" class="text-left discounts_shop_image">
                                            <a href="/letaky/jip" class="product_link_history" data-product="pivo-svetly-lezak-nastro-azzuro-peroni" title="JIP leták">
                            <img src="https://img.kupi.cz/kupi/thumbs/loga_shopy/jip-1_80.png" alt="JIP leták" width="50">
                        </a>
                                    </td>

                <td class="discounts_shop_info">
                    <span class="discounts_shop_name">
                        <a href="/letaky/jip" class="product_link_history" data-product="pivo-svetly-lezak-nastro-azzuro-peroni" title="JIP">
                            <span>
                                                                    JIP
                                                                                                                                                                            </span>
                        </a>

                                                                    </span>

                    
                                            <div class="discounts_markets">
                                                            <a href="/obchod/jip/jip-brno-herspicka" title="JIP" data-shop="JIP" class="product_link_history" data-product="pivo-svetly-lezak-nastro-azzuro-peroni">platí pro 1 nejbližší pobočku</a>
                                                    </div>
                                    </td>

                <td class="text-left discounts_price">
                    <span class="discount_price_label">cena</span>
                    <div class="left">
                        <strong class="discount_price_value">16,90&nbsp;Kč</strong>
                    </div>

                                            <div class="discount_amount left">
                            &nbsp;/&nbsp;0.33 l                        </div>
                    
                    
                    <div class="clear"></div>

                    <span style="font-size: 12px;">
                                                                                                51,21&nbsp;Kč&nbsp;/&nbsp;1&nbsp;l                                                                                    </span>

                    
                                    </td>

                <td class="text-left discounts_validity valid_discount">
                                                                        zítra končí
                                                            </td>

                <td class="discounts_list_add">

                                            <div class="add_list_wrap">
                        


    
                                
        
        <div class="save_item_content nologin_save_item icon_only "
             data-idf="product_discounts_401224">
			<span class="link_content">
                
    <span class="spinner-absolute spinner-btn no_content hdn"><span class="js-loader"></span></span>

                <a data-rustmp="1" data-action="click" data-fn="rusInit" href="#"
                   aria-label="Přidat produkt do oblíbených - nutné přihlášení uživatele" style="line-height: 0;"
                   class="toggle_saved_item btn btn_default top_link link_heart " data-idf="product_discounts_401224" data-type="product"
                   data-item="401224"><span>Přidat produkt do oblíbených</span></a>
			</span>
                    </div>
                            </div>
                    
                                            <a data-product-id="401224" href="#5111122" role="button" aria-label="Přidat Pivo světlý ležák Nastro Azzuro Peroni do nákupního seznamu" data-shop="271" data-price="16.9" data-product="Pivo světlý ležák Nastro Azzuro Peroni" class="btn btn_colored btn_list_add no_login">Přidat</a>
                                    </td>
            </tr>
                        </table>
    
    <div class="discounts_show_all_shops only_discount" data-product="401224" style="display: none;">
        <a role="button" href="#401224" class="purple_link discount_all_shops only_discount">Další obchody (<span>-3</span>)</a>
    </div>
</div>

    <div class="product_price_from">
        od <strong>16,90&nbsp;Kč</strong>
    </div>
                            <div class="clear"></div>
        </div>

        
        
        
    

    
        <div class="group_discounts active" data-page="3">
            <div class="absolute product_target" id="163706" style="top: -80px;"></div>

            <div class="product_image">
                <a href="/sleva/pivo-svetly-lezak-thajske-singha" title="Pivo světlý ležák thajské Singha" aria-hidden="true" tabindex="-1" class="open_detail" class="product_link_history" data-product-id="163706" data-product="pivo-svetly-lezak-thajske-singha">
                    <img src="/img/no_img/no_discounts.png"
                         data-src="https://img.kupi.cz/kupi/thumbs/pivo-svetle-thajske-singha_box_120_140.jpg"
                         alt="Pivo světlý ležák thajské Singha">
                </a>
                <span class="label-supplement">ilustrační obrázek</span>
            </div>

            <div class="relative product_discounts">
                <div class="wide left">
                    <div class="relative product_name_around" style="margin-right: 32px;">
                        <div data-product="163706" class="log_product product_name wide">
                            <h2>
                                <a title="Pivo světlý ležák thajské Singha" aria-label="Pivo světlý ležák thajské Singha v akci za 30,13 Kč" href="/sleva/pivo-svetly-lezak-thajske-singha" class="product_link_history" data-product="pivo-svetly-lezak-thajske-singha">
                                    <strong>Pivo světlý ležák thajské Singha</strong>
                                </a>

                                <span class="nowrap">
                                                                                                                                                                        <span>0.33 l</span>
                                                                                                                        
                                                                    </span>
                            </h2>

                            <div class="product_my_leaflet">
                                


    
                                
        
        <div class="save_item_content nologin_save_item  "
             data-idf="product_discounts_163706">
			<span class="link_content">
                
    <span class="spinner-absolute spinner-btn no_content hdn"><span class="js-loader"></span></span>

                <a data-rustmp="1" data-action="click" data-fn="rusInit" href="#"
                   aria-label="Přidat produkt do oblíbených - nutné přihlášení uživatele" style="line-height: 0;"
                   class="toggle_saved_item btn btn_default top_link link_heart " data-idf="product_discounts_163706" data-type="product"
                   data-item="163706"><span>Přidat produkt do oblíbených</span></a>
			</span>
                            <span class="saved_item_text">
                                                            Zapněte si oblíbené a upozorníme vás na novou akci
                                    		    </span>
                    </div>
                                </div>

                                                                                        <div id="price_163706" class="avg_price inactive">Běžná cena: <span>0,00</span>&nbsp;Kč</div>
                            
                        </div>
                    </div>
                </div>
            </div>

            <div class="clear"></div>
                                    
    
<div class="relative product_discounts product_discounts_overview" id="product_163706">
    <table class="wide discounts_table">

                            
                        
                                        
            <tr data-product="163706" data-discount="5118503" class="log_discount discount_row only_discount" data-key="0.33-l" id="discount_5118503">
                <td width="60" class="text-left discounts_shop_image">
                                            <a href="/letaky/makro" class="product_link_history" data-product="pivo-svetly-lezak-thajske-singha" title="Makro leták">
                            <img src="https://img.kupi.cz/kupi/thumbs/loga_shopy/makro_80.png" alt="Makro leták" width="50">
                        </a>
                                    </td>

                <td class="discounts_shop_info">
                    <span class="discounts_shop_name">
                        <a href="/letaky/makro" class="product_link_history" data-product="pivo-svetly-lezak-thajske-singha" title="Makro">
                            <span>
                                                                    Makro
                                                                                                                                                                            </span>
                        </a>

                                                                    </span>

                    
                                            <div class="discounts_markets">
                                                            <a href="/obchod/makro/makro-brno-turany" title="Makro" data-shop="Makro" class="product_link_history" data-product="pivo-svetly-lezak-thajske-singha">platí pro 1 nejbližší pobočku</a>
                                                    </div>
                                    </td>

                <td class="text-left discounts_price">
                    <span class="discount_price_label">cena</span>
                    <div class="left">
                        <strong class="discount_price_value">30,13&nbsp;Kč</strong>
                    </div>

                                            <div class="discount_amount left">
                            &nbsp;/&nbsp;0.33 l                        </div>
                    
                    
                    <div class="clear"></div>

                    <span style="font-size: 12px;">
                                                                                                91,30&nbsp;Kč&nbsp;/&nbsp;1&nbsp;l                                                                                    </span>

                    
                                            <div class="discount_note">
                            akční cena pouze při zakoupení 6x 0,33 l                        </div>
                                    </td>

                <td class="text-left discounts_validity valid_discount">
                                                                        platí do úterý <span style="white-space: nowrap;">13. 9. </span>
                                                            </td>

                <td class="discounts_list_add">

                                            <div class="add_list_wrap">
                        


    
                                
        
        <div class="save_item_content nologin_save_item icon_only "
             data-idf="product_discounts_163706">
			<span class="link_content">
                
    <span class="spinner-absolute spinner-btn no_content hdn"><span class="js-loader"></span></span>

                <a data-rustmp="1" data-action="click" data-fn="rusInit" href="#"
                   aria-label="Přidat produkt do oblíbených - nutné přihlášení uživatele" style="line-height: 0;"
                   class="toggle_saved_item btn btn_default top_link link_heart " data-idf="product_discounts_163706" data-type="product"
                   data-item="163706"><span>Přidat produkt do oblíbených</span></a>
			</span>
                    </div>
                            </div>
                    
                                            <a data-product-id="163706" href="#5118503" role="button" aria-label="Přidat Pivo světlý ležák thajské Singha do nákupního seznamu" data-shop="20" data-price="30.13" data-product="Pivo světlý ležák thajské Singha" class="btn btn_colored btn_list_add no_login">Přidat</a>
                                    </td>
            </tr>
                        </table>
    
    <div class="discounts_show_all_shops only_discount" data-product="163706" style="display: none;">
        <a role="button" href="#163706" class="purple_link discount_all_shops only_discount">Další obchody (<span>-3</span>)</a>
    </div>
</div>

    <div class="product_price_from">
        od <strong>30,13&nbsp;Kč</strong>
    </div>
                            <div class="clear"></div>
        </div>

        
        
        
    

    
        <div class="group_discounts active" data-page="3">
            <div class="absolute product_target" id="361282" style="top: -80px;"></div>

            <div class="product_image">
                <a href="/sleva/pivo-svetly-lezak-xi-rebel-pivovar-havlickuv-brod" title="Pivo světlý ležák XI Rebel Pivovar Havlíčkův Brod" aria-hidden="true" tabindex="-1" class="open_detail" class="product_link_history" data-product-id="361282" data-product="pivo-svetly-lezak-xi-rebel-pivovar-havlickuv-brod">
                    <img src="/img/no_img/no_discounts.png"
                         data-src="https://img.kupi.cz/kupi/thumbs/pivo-svetly-lezak-xi-rebel-pivovar-havlickuv-brod_box_120_140.jpg"
                         alt="Pivo světlý ležák XI Rebel Pivovar Havlíčkův Brod">
                </a>
                <span class="label-supplement">ilustrační obrázek</span>
            </div>

            <div class="relative product_discounts">
                <div class="wide left">
                    <div class="relative product_name_around" style="margin-right: 32px;">
                        <div data-product="361282" class="log_product product_name wide">
                            <h2>
                                <a title="Pivo světlý ležák XI Rebel Pivovar Havlíčkův Brod" aria-label="Pivo světlý ležák XI Rebel Pivovar Havlíčkův Brod v akci za 13,90 Kč" href="/sleva/pivo-svetly-lezak-xi-rebel-pivovar-havlickuv-brod" class="product_link_history" data-product="pivo-svetly-lezak-xi-rebel-pivovar-havlickuv-brod">
                                    <strong>Pivo světlý ležák XI Rebel Pivovar Havlíčkův Brod</strong>
                                </a>

                                <span class="nowrap">
                                                                                                                                                                        <span>0.5 l</span>
                                                                                                                        
                                                                    </span>
                            </h2>

                            <div class="product_my_leaflet">
                                


    
                                
        
        <div class="save_item_content nologin_save_item  "
             data-idf="product_discounts_361282">
			<span class="link_content">
                
    <span class="spinner-absolute spinner-btn no_content hdn"><span class="js-loader"></span></span>

                <a data-rustmp="1" data-action="click" data-fn="rusInit" href="#"
                   aria-label="Přidat produkt do oblíbených - nutné přihlášení uživatele" style="line-height: 0;"
                   class="toggle_saved_item btn btn_default top_link link_heart " data-idf="product_discounts_361282" data-type="product"
                   data-item="361282"><span>Přidat produkt do oblíbených</span></a>
			</span>
                            <span class="saved_item_text">
                                                            Zapněte si oblíbené a upozorníme vás na novou akci
                                    		    </span>
                    </div>
                                </div>

                                                                                        <div id="price_361282" class="avg_price inactive">Běžná cena: <span>0,00</span>&nbsp;Kč</div>
                            
                        </div>
                    </div>
                </div>
            </div>

            <div class="clear"></div>
                                    
    
<div class="relative product_discounts product_discounts_overview" id="product_361282">
    <table class="wide discounts_table">

                            
                        
                                        
            <tr data-product="361282" data-discount="5128667" class="log_discount discount_row only_discount" data-key="0.5-l" id="discount_5128667">
                <td width="60" class="text-left discounts_shop_image">
                                            <a href="/letaky/billa" class="product_link_history" data-product="pivo-svetly-lezak-xi-rebel-pivovar-havlickuv-brod" title="BILLA leták">
                            <img src="https://img.kupi.cz/kupi/thumbs/loga_shopy/billa_80.png" alt="BILLA leták" width="50">
                        </a>
                                    </td>

                <td class="discounts_shop_info">
                    <span class="discounts_shop_name">
                        <a href="/letaky/billa" class="product_link_history" data-product="pivo-svetly-lezak-xi-rebel-pivovar-havlickuv-brod" title="BILLA">
                            <span>
                                                                    BILLA
                                                                                                                                                                            </span>
                        </a>

                                                                    </span>

                    
                                            <div class="discounts_markets">
                                                            <a href="/obchod/billa/billa-brno-podperova" title="BILLA" data-shop="BILLA" class="product_link_history" data-product="pivo-svetly-lezak-xi-rebel-pivovar-havlickuv-brod">platí pro 14 nejbližších poboček</a>
                                                    </div>
                                    </td>

                <td class="text-left discounts_price">
                    <span class="discount_price_label">cena</span>
                    <div class="left">
                        <strong class="discount_price_value">13,90&nbsp;Kč</strong>
                    </div>

                                            <div class="discount_amount left">
                            &nbsp;/&nbsp;0.5 l                        </div>
                    
                    
                    <div class="clear"></div>

                    <span style="font-size: 12px;">
                                                                                                27,80&nbsp;Kč&nbsp;/&nbsp;1&nbsp;l                                                                                    </span>

                    
                                            <div class="discount_note">
                            plech                        </div>
                                    </td>

                <td class="text-left discounts_validity valid_discount">
                                                                        platí do neděle <span style="white-space: nowrap;">25. 9. </span>
                                                            </td>

                <td class="discounts_list_add">

                                            <div class="add_list_wrap">
                        


    
                                
        
        <div class="save_item_content nologin_save_item icon_only "
             data-idf="product_discounts_361282">
			<span class="link_content">
                
    <span class="spinner-absolute spinner-btn no_content hdn"><span class="js-loader"></span></span>

                <a data-rustmp="1" data-action="click" data-fn="rusInit" href="#"
                   aria-label="Přidat produkt do oblíbených - nutné přihlášení uživatele" style="line-height: 0;"
                   class="toggle_saved_item btn btn_default top_link link_heart " data-idf="product_discounts_361282" data-type="product"
                   data-item="361282"><span>Přidat produkt do oblíbených</span></a>
			</span>
                    </div>
                            </div>
                    
                                            <a data-product-id="361282" href="#5128667" role="button" aria-label="Přidat Pivo světlý ležák XI Rebel Pivovar Havlíčkův Brod do nákupního seznamu" data-shop="5" data-price="13.9" data-product="Pivo světlý ležák XI Rebel Pivovar Havlíčkův Brod" class="btn btn_colored btn_list_add no_login">Přidat</a>
                                    </td>
            </tr>
                        </table>
    
    <div class="discounts_show_all_shops only_discount" data-product="361282" style="display: none;">
        <a role="button" href="#361282" class="purple_link discount_all_shops only_discount">Další obchody (<span>-3</span>)</a>
    </div>
</div>

    <div class="product_price_from">
        od <strong>13,90&nbsp;Kč</strong>
    </div>
                            <div class="clear"></div>
        </div>

        
        
        
    
<div class="clear"></div>

<script>

    $(document).ready( function(){

        if( $('.group_discounts').hasClass('notactive') && $('.group_discounts').hasClass('active') ){
            //show only active discounts
            if($('.plf_dis').hasClass('active')){
                $('.group_discounts.notactive').hide();
                $('.ad_inactive_block').hide();
                $('.load_discounts.nomoreactive').hide();
            }
        }


        
            if( $('.group_discounts').hasClass('active')==false ) {
                // no active on this page, redirect to first page
                $(document).off('click', '.plf_dis');
                $(document).on('click', '.plf_dis', function () {
                    window.location.href = '/hledej?f=pivo&vse=1';
                });

            }else{
                // active + noactive, reinit filter bar
                $(document).off('click', '.plf_dis');
                $(document).off('click', '.plf_all');
                searchFilterInactiveDiscounts();
            }
        
                    $('.plf_all').removeClass('active');
            $('.plf_dis').addClass('active');
            $('.group_discounts.notactive').hide();
            $('.ad_inactive_block').hide();
            $('.load_discounts.nomoreactive').hide();
        
    });

</script>    

    <div class="page_loader normal_box" data-type="next"></div>

    
    <div class="clear"></div>

    <div class="text-center space_top default">
        <a href="/hledej?page=4&f=pivo&vse=0" class="btn btn_colored big load_discounts " data-vse="0" data-type="next" data-fav="0" data-lp="4" data-find="pivo" data-url="/get-akce">Načíst další zboží</a>
    </div>

    <script>
        if($('.group_discounts[data-page=4]').length) {
            $('.load_discounts[data-lp=4]').parent().remove();
        }
    </script>
            </div>
        
    </div>
</div>

<script>
    var sent_page = [3];
    searchFilterInactiveDiscounts();
</script>


<script>
    $(document).on('click','.group_discounts a',function (e){

        if( e.currentTarget.href &&
            !e.currentTarget.classList.contains("toggle_saved_item") &&
            !e.currentTarget.classList.contains("discount_all_shops") &&
            !e.currentTarget.classList.contains("btn_list_add")){

            if(window.DOT){
                DOT.hit("event", {
                    d: {
                        "href": e.currentTarget.href,
                        "text": e.currentTarget.title || e.currentTarget.alt,
                        "action":"result-click"
                    }
                })
            }
        }
    })
</script>





    <div class="relative list_around right_side  right"  role="complementary" aria-labelledby="h-nakupni-seznam">

    <div class="start_list_scroll"></div>

    <div class="scroll_right_side ">
        <div class="user_list  relative without_save_money favourites nologin">

            <div class="user_list_head hlt_fix no_print no_items_head">
                <div class="user_list_head_in">

                    <span class="user_list_tab" id="h-oblibene-seznam" role="heading" aria-level="1">
                        <a href="#" class="ruslogin" data-fn="rusInit" data-action="click">Oblíbené <span class="favs_total_items" style="display: none;"></span></a>
                    </span>

                    <span class="user_list_tab selected" id="h-nakupni-seznam" role="heading" aria-level="1">
                        <a href="#" data-show="userlist_shoppinglist">Nákupní seznam  <span class="list_total_items" style="display: none;"></span></a>
                    </span>

                    <a href="/" id="close_user_list" class="btn btn_default">Zavřít</a>
                </div>
            </div>

            <div id="list_around">
                <div class="list_around_in no_save no_items_around" data-list="0">
                    <div class="list_content scroll_items no_items">


                        <div id="shop_list_sort" style="display: none;">
                            <a href="#" role="button" data-show="all" class="active">
                                Všechny oblíbené
                            </a>
                            <a href="#" role="button" data-show="shops">
                                Akce dle obchodů
                            </a>
                        </div>

                                                    <div id="empty_list_content" >
                                <span class="h3">Přihlaste se na Kupi.cz</span>
                                <p class="text-center margin-tp-2x">
                                    <a href="#" data-action="click" data-fn="rusInit" class="btn btn_colored ruslogin">Přihlásit se</a>
                                </p>
                            </div>
                        
                        <div id="userlist_fav_products"></div>
                        <div id="userlist_shoppinglist" style="display: none;">
    <span class="spinner-absolute no_content hdn"><span class="js-loader"></span><span class="spinner-text">Načítám nákupní seznam...</span></span>
</div>

                        <div id="userlist_notes" style="display: none;">
                            <div class="shop_toggle notes_toggle inactive" data-shop="n" tabindex="0"><span>Poznámky</span></div>
                            <div class="list_note_form">
                                <form method="POST" class="new_note_form">
                                    <div class="list_note_input_content">
                                        <div class="wide left">
                                            <input aria-label="Napsat poznámku do nákupního seznamu" type="text" class="list_note_add wide">
                                        </div>
                                    </div>
                                    <input aria-label="Přidat poznámku" type="submit" value="Přidat" class="btn btn_colored add_note right">
                                    <div class="clear"></div>
                                </form>
                            </div>
                        </div>

                        <div id="userlist_content" style="display: none;" class="list_content_in top_content new_list">

                            <div class="list_items">

                            </div>
                        </div>

                    </div>
                </div>

                <div class="list_content list_price_sum" style="display: none;">
                    <div tabindex="0" class="list_content_in list_price_sum_in" aria-labelledby="label_price_sum_in" style="display: none; ">
                        <div id="label_price_sum_in">
                            celkem <strong class="list_price">0,00&nbsp;Kč</strong>
                            <br>
                            <span class="list_price_save" style="display: none;"></span>
                        </div>
                    </div>
                </div>

                <div id="list_foot" class="disabled" >

                    <a id="list_send" href="#" data-list="0"  role="button" tabindex="0" aria-label="Sdílet nákupní seznam" data-code="" class="list_bottom_item list_send">
                        <span>Sdílet</span>
                    </a>

                                            <a id="print_list" href="/uzivatel/nakupni-seznam-tisk" role="button" tabindex="0" aria-label="Vytisknout nákupní seznam" class="list_bottom_item middle list_print">
                            <span>Vytisknout</span>
                        </a>
                    
                    <a id="edit_discounts" href="#" role="button" tabindex="0" aria-label="Vymazat ze seznamu všechny ukončené akce" class="list_bottom_item remove_past_discounts">
                        <span>Upravit</span>
                    </a>

                    <div id="list_edit_popup">
                        <a id="remove_past_discounts" href="#" role="button" tabindex="0" aria-label="Vymazat ze seznamu všechny ukončené akce" class="list_bottom_item remove_past_discounts">
                            <span>Smazat ukončené akce</span>
                        </a>

                        <a id="remove_all_discounts" href="#" role="button" tabindex="0" aria-label="Vymazat ze seznamu všechny ukončené akce" class="list_bottom_item remove_past_discounts">
                            <span>Smazat vše</span>
                        </a>
                    </div>

                </div>

            </div>

                            <div id="list_print" style="display: none; position: relative; z-index: 1000;">
    <div class="list_content max_height_list">
        <div class="list_content_in top_content">
            <div class="copy_list_holder">

                                    <div class="list_shop_content">
                        <span>Sdílet nákupní seznam pomocí adresy</span>
                    </div>
                
                <div class="list_print_in">
                                                            <div class="relative share_userlist">
                        <span class="spinner-absolute no_content hdn"><span class="js-loader"></span></span>

                        <a data-rustmp="1" data-action="click" data-fn="rusTempShareList" data-type="userlist" data-item="userlist" href="#" id="copy_list_address" class="trigger_copy_list_addr tooltip_event" data-tooltip="share_list_1191812250"></a>
                        <input class="trigger_input_list_copy" type="text" value="www.kupi.cz/nakup/" readonly>
                        <span id="to_copy" class="trigger_to_copy">https://www.kupi.cz/nakup/</span>
                        <div class="tooltip tooltip_top copy_list_tooltip" data-id="share_list_1191812250">Po kliknutí se adresa zkopíruje do schránky</div>
                    </div>

                </div>

                
                <div style="padding-top: 50px;"></div>
            </div>

            <div class="list_shop_content">
                <div style="padding-top: 8px;">Poslat nákupní seznam na e-mail</div>
            </div>

            <div class="list_print_in">
                <form method="POST" id="email_list">
                    <label for="list_email">E-mailová adresa</label><br>
                    <input type="text" name="list_email" id="list_email">

                    <div class="list_print_buttons">
                        <button type="submit" class="btn btn_colored">Odeslat</button>
                        <a href="#" id="cancel_print" class="cancel_print">Zpět</a>
                    </div>
                </form>

                <div class="shop_alert"></div>
                <div class="clear space_bottom half"></div>
            </div>
        </div>
    </div>
</div>            
                    </div>

        <script>
            var userListFav;
            $(document).ready(function() {
                userListFav = new UserList_Favourites(0, '', 'https://otto-api.kupi.cz/api/v2/shopping-list/check/changes');
            });
        </script>

                    <div id="topsponzor_wrap">
                                        <div class="ssp_skyscraper" data-sssp="ssp_skyscraper"></div>
                            </div>
        
    </div>

</div>


<div class="clear"></div>

</div>
</div>


    <div class="clear top_add_clear"></div>

<div id="scroll_stopper"></div>


            <div class="pos_bottom_ssp">
                        <div class="ssp_bottom" data-sssp="ssp_bottom" data-device="desktop"></div>
            </div>
    
<div style="display: none">
    <form>
        <input type="hidden" name="pageToken" value="gpbf75dqeh39lpc2ov60b3sex">
    </form>
</div>

    <div class="page_wrapper" style="margin-top: 0; margin-bottom: 0; padding: 20px 0; background: white;">
        <div class="content_page" style="padding:0 !important; min-height: auto !important; overflow: hidden; z-index: 76;">
            


    <div id="article_slider" class="articles_selfpromo_v2 v3 loading foot_layout" data-slide="1" data-max-slides="5">

        <div class="leftside">
                <div class="article_selfpromo_v2 big">
                    <div class="img big">
                                                    <img style="opacity:0;"                                 data-child="1"
                                 src="data:image/gif;base64,R0lGODlhAQABAIAAAP///wAAACwAAAAAAQABAAACAkQBADs="
                                 data-src="https://storage.kupi.cz/d/magazine-article/19556/medium"
                                 alt="Výrobce kvůli obavě o bezpečnost svých spotřebitelů stahuje z trhu kozí sýr. Obchody vám za něj vrátí peníze"
                                 title="Výrobce kvůli obavě o bezpečnost svých spotřebitelů stahuje z trhu kozí sýr. Obchody vám za něj vrátí peníze"/>
                                                    <img                                  data-child="2"
                                 src="data:image/gif;base64,R0lGODlhAQABAIAAAP///wAAACwAAAAAAQABAAACAkQBADs="
                                 data-src="https://storage.kupi.cz/d/magazine-article/3800/medium"
                                 alt="5 důvodů, proč zařadit houby do jídelníčku"
                                 title="5 důvodů, proč zařadit houby do jídelníčku"/>
                                                    <img style="opacity:0;"                                 data-child="3"
                                 src="data:image/gif;base64,R0lGODlhAQABAIAAAP///wAAACwAAAAAAQABAAACAkQBADs="
                                 data-src="https://storage.kupi.cz/d/magazine-article/9710/medium"
                                 alt="Jednoduchá dýňová polévka se smetanou, kterou zvládne úplně každý"
                                 title="Jednoduchá dýňová polévka se smetanou, kterou zvládne úplně každý"/>
                                                    <img style="opacity:0;"                                 data-child="4"
                                 src="data:image/gif;base64,R0lGODlhAQABAIAAAP///wAAACwAAAAAAQABAAACAkQBADs="
                                 data-src="https://storage.kupi.cz/d/magazine-article/4991/medium"
                                 alt="Marakuja: Tropické ovoce z obchodů, které nakopne vaši imunitu"
                                 title="Marakuja: Tropické ovoce z obchodů, které nakopne vaši imunitu"/>
                                                    <img style="opacity:0;"                                 data-child="5"
                                 src="data:image/gif;base64,R0lGODlhAQABAIAAAP///wAAACwAAAAAAQABAAACAkQBADs="
                                 data-src="https://storage.kupi.cz/d/magazine-article/15085/medium"
                                 alt="Zatočte s nachlazením prostřednictvím aromaterapie. Esenciální oleje uvolní ucpané dutiny a odstraní bolesti hlavy"
                                 title="Zatočte s nachlazením prostřednictvím aromaterapie. Esenciální oleje uvolní ucpané dutiny a odstraní bolesti hlavy"/>
                                            </div>
                </div>
        </div>

        <div class="rightside">
            <div class="wrap">
                <div style="width: 10px;"></div>
                            <div class="article_selfpromo_v2 smaller first"
                     data-layout="small"
                     data-child="1"
                     data-image="https://storage.kupi.cz/d/magazine-article/19556/medium"
                >
                    <div class="img">
                        <img src="data:image/gif;base64,R0lGODlhAQABAIAAAP///wAAACwAAAAAAQABAAACAkQBADs=" data-src="https://storage.kupi.cz/d/magazine-article/19556/medium" alt="Výrobce kvůli obavě o bezpečnost svých spotřebitelů stahuje z trhu kozí sýr. Obchody vám za něj vrátí peníze" title="Výrobce kvůli obavě o bezpečnost svých spotřebitelů stahuje z trhu kozí sýr. Obchody vám za něj vrátí peníze"/>
                    </div>
                    <div class="text">
                        <h2>Výrobce kvůli obavě o bezpečnost svých spotřebitelů stahuje z trhu kozí sýr. Obchody vám za něj…</h2>
                    </div>
                    <a title="Výrobce kvůli obavě o bezpečnost svých spotřebitelů stahuje z trhu kozí sýr. Obchody vám za něj vrátí peníze" href="https://www.kupi.cz/magazin/clanek/19556-vyrobce-s-obavou-o-bezpecnost-svych-spotrebitelu-stahuje-z-trhu-kozi-syr-obchody-vam-za-nej-vrati-penize?utm_medium=selfpromo&utm_campaign=promo-block&utm_source=bottom&utm_content=desktop&utm_term=V%C3%BDrobce+kv%C5%AFli+obav%C4%9B+o+bezpe%C4%8Dnost+sv%C3%BDch+spot%C5%99ebitel%C5%AF+stahuje+z+trhu+koz%C3%AD+s%C3%BDr.+Obchody+v%C3%A1m+za+n%C4%9Bj+vr%C3%A1t%C3%AD+pen%C3%ADze" class="item_link">Výrobce kvůli obavě o bezpečnost svých spotřebitelů stahuje z trhu kozí sýr. Obchody vám za něj vrátí peníze</a>
                </div>
                            <div class="article_selfpromo_v2 smaller "
                     data-layout="small"
                     data-child="2"
                     data-image="https://storage.kupi.cz/d/magazine-article/3800/medium"
                >
                    <div class="img">
                        <img src="data:image/gif;base64,R0lGODlhAQABAIAAAP///wAAACwAAAAAAQABAAACAkQBADs=" data-src="https://storage.kupi.cz/d/magazine-article/3800/medium" alt="5 důvodů, proč zařadit houby do jídelníčku" title="5 důvodů, proč zařadit houby do jídelníčku"/>
                    </div>
                    <div class="text">
                        <h2>5 důvodů, proč zařadit houby do jídelníčku</h2>
                    </div>
                    <a title="5 důvodů, proč zařadit houby do jídelníčku" href="https://www.kupi.cz/magazin/clanek/3800-proc-jist-houby?utm_medium=selfpromo&utm_campaign=promo-block&utm_source=bottom&utm_content=desktop&utm_term=5+d%C5%AFvod%C5%AF%2C+pro%C4%8D+za%C5%99adit+houby+do+j%C3%ADdeln%C3%AD%C4%8Dku" class="item_link">5 důvodů, proč zařadit houby do jídelníčku</a>
                </div>
                            <div class="article_selfpromo_v2 smaller "
                     data-layout="small"
                     data-child="3"
                     data-image="https://storage.kupi.cz/d/magazine-article/9710/medium"
                >
                    <div class="img">
                        <img src="data:image/gif;base64,R0lGODlhAQABAIAAAP///wAAACwAAAAAAQABAAACAkQBADs=" data-src="https://storage.kupi.cz/d/magazine-article/9710/medium" alt="Jednoduchá dýňová polévka se smetanou, kterou zvládne úplně každý" title="Jednoduchá dýňová polévka se smetanou, kterou zvládne úplně každý"/>
                    </div>
                    <div class="text">
                        <h2>Jednoduchá dýňová polévka se smetanou, kterou zvládne úplně každý</h2>
                    </div>
                    <a title="Jednoduchá dýňová polévka se smetanou, kterou zvládne úplně každý" href="https://www.kupi.cz/magazin/clanek/9710-jednoducha-dynova-polevka-se-smetanou-kterou-zvladne-uplne-kazdy?utm_medium=selfpromo&utm_campaign=promo-block&utm_source=bottom&utm_content=desktop&utm_term=Jednoduch%C3%A1+d%C3%BD%C5%88ov%C3%A1+pol%C3%A9vka+se+smetanou%2C+kterou+zvl%C3%A1dne+%C3%BApln%C4%9B+ka%C5%BEd%C3%BD" class="item_link">Jednoduchá dýňová polévka se smetanou, kterou zvládne úplně každý</a>
                </div>
                            <div class="article_selfpromo_v2 smaller "
                     data-layout="small"
                     data-child="4"
                     data-image="https://storage.kupi.cz/d/magazine-article/4991/medium"
                >
                    <div class="img">
                        <img src="data:image/gif;base64,R0lGODlhAQABAIAAAP///wAAACwAAAAAAQABAAACAkQBADs=" data-src="https://storage.kupi.cz/d/magazine-article/4991/medium" alt="Marakuja: Tropické ovoce z obchodů, které nakopne vaši imunitu" title="Marakuja: Tropické ovoce z obchodů, které nakopne vaši imunitu"/>
                    </div>
                    <div class="text">
                        <h2>Marakuja: Tropické ovoce z obchodů, které nakopne vaši imunitu</h2>
                    </div>
                    <a title="Marakuja: Tropické ovoce z obchodů, které nakopne vaši imunitu" href="https://www.kupi.cz/magazin/clanek/4991-marakuja-tropicke-ovoce-z-obchodu-ktere-nakopne-vasi-imunitu?utm_medium=selfpromo&utm_campaign=promo-block&utm_source=bottom&utm_content=desktop&utm_term=Marakuja%3A+Tropick%C3%A9+ovoce+z+obchod%C5%AF%2C+kter%C3%A9+nakopne+va%C5%A1i+imunitu" class="item_link">Marakuja: Tropické ovoce z obchodů, které nakopne vaši imunitu</a>
                </div>
                            <div class="article_selfpromo_v2 smaller "
                     data-layout="small"
                     data-child="5"
                     data-image="https://storage.kupi.cz/d/magazine-article/15085/medium"
                >
                    <div class="img">
                        <img src="data:image/gif;base64,R0lGODlhAQABAIAAAP///wAAACwAAAAAAQABAAACAkQBADs=" data-src="https://storage.kupi.cz/d/magazine-article/15085/medium" alt="Zatočte s nachlazením prostřednictvím aromaterapie. Esenciální oleje uvolní ucpané dutiny a odstraní bolesti hlavy" title="Zatočte s nachlazením prostřednictvím aromaterapie. Esenciální oleje uvolní ucpané dutiny a odstraní bolesti hlavy"/>
                    </div>
                    <div class="text">
                        <h2>Zatočte s nachlazením prostřednictvím aromaterapie. Esenciální oleje uvolní ucpané dutiny a…</h2>
                    </div>
                    <a title="Zatočte s nachlazením prostřednictvím aromaterapie. Esenciální oleje uvolní ucpané dutiny a odstraní bolesti hlavy" href="https://www.kupi.cz/magazin/clanek/15085-3-tipy-jak-zatocit-s-nachlazenim-prostrednictvim-aromaterapie?utm_medium=selfpromo&utm_campaign=promo-block&utm_source=bottom&utm_content=desktop&utm_term=Zato%C4%8Dte+s+nachlazen%C3%ADm+prost%C5%99ednictv%C3%ADm+aromaterapie.+Esenci%C3%A1ln%C3%AD+oleje+uvoln%C3%AD+ucpan%C3%A9+dutiny+a+odstran%C3%AD+bolesti+hlavy" class="item_link">Zatočte s nachlazením prostřednictvím aromaterapie. Esenciální oleje uvolní ucpané dutiny a odstraní bolesti hlavy</a>
                </div>
                            <div style="padding-top: 38px"></div>
                <a href="https://www.kupi.cz/magazin/?utm_medium=selfpromo&utm_campaign=promo-block&utm_source=bottom&utm_content=desktop&utm_term=button" class="article_selfpromo_v2 smaller more_link" title="Kupi Magazín">Přejít na Kupi Magazín <svg class="svg_ico" focusable="false" xmlns="http://www.w3.org/2000/svg" viewBox="0 0 24 24"><path d="M8.59 16.59L13.17 12 8.59 7.41 10 6l6 6-6 6-1.41-1.41z"></path></svg></a>
            </div>
        </div>
    </div>

    <div class="pager_wrap">
        <a href="https://www.kupi.cz/magazin/" class="mag_link">Přejít na Kupi Magazín <svg class="svg_ico" focusable="false" xmlns="http://www.w3.org/2000/svg" viewBox="0 0 24 24"><path d="M8.59 16.59L13.17 12 8.59 7.41 10 6l6 6-6 6-1.41-1.41z"></path></svg></a>
        <div class="slider_pager">
                            <button title="Výrobce kvůli obavě o bezpečnost svých spotřebitelů stahuje z trhu kozí sýr. Obchody vám za něj vrátí peníze" data-slide="1" data-active="true"></button>
                            <button title="5 důvodů, proč zařadit houby do jídelníčku" data-slide="2" data-active="false"></button>
                            <button title="Jednoduchá dýňová polévka se smetanou, kterou zvládne úplně každý" data-slide="3" data-active="false"></button>
                            <button title="Marakuja: Tropické ovoce z obchodů, které nakopne vaši imunitu" data-slide="4" data-active="false"></button>
                            <button title="Zatočte s nachlazením prostřednictvím aromaterapie. Esenciální oleje uvolní ucpané dutiny a odstraní bolesti hlavy" data-slide="5" data-active="false"></button>
                    </div>
    </div>
        </div>
    </div>

<div class="page_wrapper" style="margin-top: 0; margin-bottom: 0; padding: 0 0 20px 0; background: white;">
    <div class="content_page" style="padding:0 !important; min-height: auto !important; overflow: hidden;">
        

    <div class="most-popular-wrap">
        <div class="most-popular-items">
            
                <div class="most-popular-item ">
                                                                        <span class="most-popular-section section-toggle">Oblíbené zboží v akci</span>
                            <svg class="svg_ico section-toggle" focusable="false" xmlns="http://www.w3.org/2000/svg" viewBox="0 0 24 24"><path d="M8.59 16.59L13.17 12 8.59 7.41 10 6l6 6-6 6-1.41-1.41z"></path></svg>
                                                                                                                                                                                                                            
                    <span class="most-popular-links" ><span style="white-space: nowrap;"><a href="https://www.kupi.cz/slevy/cukr" title="Cukr v akci">Cukr</a>, </span> <span style="white-space: nowrap;"><a href="https://www.kupi.cz/sleva/meloun-vodni" title="Meloun akce">Meloun akce</a>, </span> <span style="white-space: nowrap;"><a href="https://www.kupi.cz/sleva/banany" title="Banány akce">Banány akce</a>, </span> <span style="white-space: nowrap;"><a href="https://www.kupi.cz/znacka/tullamore-dew" title="Tullamore Dew akce">Tullamore Dew akce</a>, </span> <span style="white-space: nowrap;"><a href="https://www.kupi.cz/slevy/mleko" title="Mléko v akci">Mléko</a>, </span> <span style="white-space: nowrap;"><a href="https://www.kupi.cz/slevy/zmrzliny" title="Zmrzlina akce">Zmrzlina</a>, </span> <span style="white-space: nowrap;"><a href="https://www.kupi.cz/sleva/susenky-biscoff-lotus" title="Lotusky v akci">Sušenky Lotus</a>, </span> <span style="white-space: nowrap;"><a href="https://www.kupi.cz/slevy/brambory" title="Brambory akce">Brambory akce</a></span> </span>
                </div>

            
                <div class="most-popular-item ">
                                                                                                                    <span class="most-popular-section section-toggle">Nejnavštěvovanější letáky</span>
                            <svg class="svg_ico section-toggle" focusable="false" xmlns="http://www.w3.org/2000/svg" viewBox="0 0 24 24"><path d="M8.59 16.59L13.17 12 8.59 7.41 10 6l6 6-6 6-1.41-1.41z"></path></svg>
                                                                                                                                                                                
                    <span class="most-popular-links" ><span style="white-space: nowrap;"><a href="https://www.kupi.cz/letaky/tesco" title="Tesco leták">Tesco leták</a>, </span> <span style="white-space: nowrap;"><a href="https://www.kupi.cz/letaky/kaufland" title="Kaufland leták">Kaufland leták</a>, </span> <span style="white-space: nowrap;"><a href="https://www.kupi.cz/letaky/lidl" title="Lidl leták">Lidl leták</a>, </span> <span style="white-space: nowrap;"><a href="https://www.kupi.cz/letaky/teta-drogerie" title="Teta leták">Teta leták</a>, </span> <span style="white-space: nowrap;"><a href="https://www.kupi.cz/letaky/coop" title="COOP leták">COOP leták</a>, </span> <span style="white-space: nowrap;"><a href="https://www.kupi.cz/letaky/makro" title="Makro leták">Makro</a>, </span> <span style="white-space: nowrap;"><a href="https://www.kupi.cz/letaky/hruska" title="Hruška leták">Hruška leták</a>, </span> <span style="white-space: nowrap;"><a href="https://www.kupi.cz/letaky/rossmann" title="Rossmann leták">Rossmann</a></span> </span>
                </div>

            
                <div class="most-popular-item ">
                                                                                                                                                                <span class="most-popular-section section-toggle">Oblíbené pobočky obchodů</span>
                            <svg class="svg_ico section-toggle" focusable="false" xmlns="http://www.w3.org/2000/svg" viewBox="0 0 24 24"><path d="M8.59 16.59L13.17 12 8.59 7.41 10 6l6 6-6 6-1.41-1.41z"></path></svg>
                                                                                                                                    
                    <span class="most-popular-links" ><span style="white-space: nowrap;"><a href="https://www.kupi.cz/letaky/globus" title="Globus akce">Globus akce</a>, </span> <span style="white-space: nowrap;"><a href="https://www.kupi.cz/letaky/jysk" title="Jysk akce">Jysk akce</a>, </span> <span style="white-space: nowrap;"><a href="https://www.kupi.cz/lokalita/pepco-praha" title="Pepco Praha">Pepco Praha</a>, </span> <span style="white-space: nowrap;"><a href="https://www.kupi.cz/magazin/stitek/primark" title="Primark Praha">Primark Praha</a>, </span> <span style="white-space: nowrap;"><a href="https://www.kupi.cz/lokalita/ikea-brno" title="Ikea Brno">Ikea Brno</a>, </span> <span style="white-space: nowrap;"><a href="https://www.kupi.cz/lokalita/obi-praha-4" title="OBI Praha">OBI Praha</a>, </span> <span style="white-space: nowrap;"><a href="https://www.kupi.cz/lokalita/jysk-praha" title="Jysk Praha">Jysk Praha</a></span> </span>
                </div>

            
                <div class="most-popular-item ">
                                                                                                                                                                                                            <span class="most-popular-section section-toggle">Kupi Magazín</span>
                            <svg class="svg_ico section-toggle" focusable="false" xmlns="http://www.w3.org/2000/svg" viewBox="0 0 24 24"><path d="M8.59 16.59L13.17 12 8.59 7.41 10 6l6 6-6 6-1.41-1.41z"></path></svg>
                                                                                        
                    <span class="most-popular-links" ><span style="white-space: nowrap;"><a href="https://www.kupi.cz/magazin/clanek/13390-cesi-objevuji-cerny-cesnek-a-maji-ho-cim-dal-radeji-na-zahradce-ho-ale-nevypestujete-vite-proc" title="Černý česnek">Černý česnek</a>, </span> <span style="white-space: nowrap;"><a href="https://www.kupi.cz/magazin/stitek/stravenky" title="Stravenky">Stravenky</a>, </span> <span style="white-space: nowrap;"><a href="https://www.kupi.cz/magazin/stitek/grilovani" title="Grilování">Grilování</a>, </span> <span style="white-space: nowrap;"><a href="https://www.kupi.cz/magazin/stitek/jidlo-pro-deti" title="Jídlo pro děti">Jídlo pro děti</a>, </span> <span style="white-space: nowrap;"><a href="https://www.kupi.cz/magazin/stitek/stravenky" title="Stravenky">Stravenky</a>, </span> <span style="white-space: nowrap;"><a href="https://www.kupi.cz/magazin/stitek/rebarbora" title="Rebarbora">Rebarbora</a>, </span> <span style="white-space: nowrap;"><a href="https://www.kupi.cz/magazin/clanek/13183-levne-chutne-a-zdrave-vite-ktere-superpotraviny-toto-vsechno-splnuji" title="Levné superpotraviny">Levné superpotraviny</a>, </span> <span style="white-space: nowrap;"><a href="https://www.kupi.cz/magazin/stitek/jak-pestovat" title="Jak pěstovat">Jak pěstovat</a></span> </span>
                </div>

            
                <div class="most-popular-item ">
                                                                                                                                                                                                                                                        <span class="most-popular-section section-toggle">Recepty</span>
                            <svg class="svg_ico section-toggle" focusable="false" xmlns="http://www.w3.org/2000/svg" viewBox="0 0 24 24"><path d="M8.59 16.59L13.17 12 8.59 7.41 10 6l6 6-6 6-1.41-1.41z"></path></svg>
                                            
                    <span class="most-popular-links" ><span style="white-space: nowrap;"><a href="https://www.kupi.cz/magazin/clanek/13198-3-neobvykle-jarni-salaty-kterymi-se-blysknete-pri-grilovacce-i-mimo-ni" title="Jarní saláty">Jarní saláty</a>, </span> <span style="white-space: nowrap;"><a href="https://www.kupi.cz/magazin/clanek/5734-jednoduche-tvarohove-knedliky-jako-od-babicky-plnene-ovocem" title="Tvarohové knedlíky">Tvarohové knedlíky</a>, </span> <span style="white-space: nowrap;"><a href="https://www.kupi.cz/magazin/clanek/5915-zelnacka-pro-celou-rodinu-vyzkousejte-staroceskou-moravskou-nebo-veganskou" title="Zelňačka">Zelňačka</a>, </span> <span style="white-space: nowrap;"><a href="https://www.kupi.cz/magazin/kategorie/videorecepty" title="Videorecepty">Videorecepty</a>, </span> <span style="white-space: nowrap;"><a href="https://www.kupi.cz/magazin/clanek/4580-levne-a-chutne-kure-na-paprice-podle-pana-cuketky-zvladne-kazdy" title="Kuře na paprice">Kuře na paprice</a>, </span> <span style="white-space: nowrap;"><a href="https://www.kupi.cz/magazin/clanek/12790-jednoduchy-recept-na-domaci-cesnecku-ktera-vas-postavi-na-nohy" title="Česnečka">Česnečka</a>, </span> <span style="white-space: nowrap;"><a href="https://www.kupi.cz/magazin/clanek/9926-upecte-si-super-jednoduchy-banana-bread-na-pripravu-staci-10-minut" title="Banana bread">Banana bread</a>, </span> <span style="white-space: nowrap;"><a href="https://www.kupi.cz/magazin/clanek/10801-palacinky-s-marmeladou-jsou-nuda-zkuste-je-jinak-nasladko-i-naslano" title="Palačinky">Palačinky</a></span> </span>
                </div>

                    </div>
    </div>
    </div>
</div>


<div class="footer-new" >
    <div class="page_wrapper" style="padding:0;">
        <div id="footer" style="display:flex;">
            <div class="col">
                <div class="logo"></div>
                <div class="social">
                    <a href="https://cs-cz.facebook.com/wwwkupicz" title="Kupi.cz Facebook">
                        <svg xmlns="http://www.w3.org/2000/svg" width="42" height="42" viewBox="0 0 42 42" fill="none">
                            <rect class="fb-1" x="0.5" y="0.5" width="41" height="41" rx="20.5" stroke="#D9D9D9"/>
                            <path class="fb-2" d="M19.1522 30.5999H22.6682V21.8399H25.6082L26.0522 18.4319H22.6682V16.2479C22.6682 15.2639 22.9442 14.5919 24.3602 14.5919H26.1722V11.5319C25.8602 11.4959 24.7922 11.3999 23.5442 11.3999C20.9282 11.3999 19.1522 12.9959 19.1522 15.9119V18.4319H16.2002V21.8399H19.1522V30.5999Z" fill="black"/>
                        </svg>
                    </a>
                    <a href="https://www.instagram.com/kupi_cz/" title="Kupi.cz Instagram">
                        <svg xmlns="http://www.w3.org/2000/svg" width="42" height="42" viewBox="0 0 42 42" fill="none">
                            <rect class="inst-1" x="0.5" y="0.5" width="41" height="41" rx="20.5" stroke="#D9D9D9"/>
                            <path class="inst-2" d="M16.8 11H25.2C28.4 11 31 13.6 31 16.8V25.2C31 26.7383 30.3889 28.2135 29.3012 29.3012C28.2135 30.3889 26.7383 31 25.2 31H16.8C13.6 31 11 28.4 11 25.2V16.8C11 15.2617 11.6111 13.7865 12.6988 12.6988C13.7865 11.6111 15.2617 11 16.8 11ZM16.6 13C15.6452 13 14.7295 13.3793 14.0544 14.0544C13.3793 14.7295 13 15.6452 13 16.6V25.4C13 27.39 14.61 29 16.6 29H25.4C26.3548 29 27.2705 28.6207 27.9456 27.9456C28.6207 27.2705 29 26.3548 29 25.4V16.6C29 14.61 27.39 13 25.4 13H16.6ZM26.25 14.5C26.5815 14.5 26.8995 14.6317 27.1339 14.8661C27.3683 15.1005 27.5 15.4185 27.5 15.75C27.5 16.0815 27.3683 16.3995 27.1339 16.6339C26.8995 16.8683 26.5815 17 26.25 17C25.9185 17 25.6005 16.8683 25.3661 16.6339C25.1317 16.3995 25 16.0815 25 15.75C25 15.4185 25.1317 15.1005 25.3661 14.8661C25.6005 14.6317 25.9185 14.5 26.25 14.5ZM21 16C22.3261 16 23.5979 16.5268 24.5355 17.4645C25.4732 18.4021 26 19.6739 26 21C26 22.3261 25.4732 23.5979 24.5355 24.5355C23.5979 25.4732 22.3261 26 21 26C19.6739 26 18.4021 25.4732 17.4645 24.5355C16.5268 23.5979 16 22.3261 16 21C16 19.6739 16.5268 18.4021 17.4645 17.4645C18.4021 16.5268 19.6739 16 21 16ZM21 18C20.2044 18 19.4413 18.3161 18.8787 18.8787C18.3161 19.4413 18 20.2044 18 21C18 21.7956 18.3161 22.5587 18.8787 23.1213C19.4413 23.6839 20.2044 24 21 24C21.7956 24 22.5587 23.6839 23.1213 23.1213C23.6839 22.5587 24 21.7956 24 21C24 20.2044 23.6839 19.4413 23.1213 18.8787C22.5587 18.3161 21.7956 18 21 18Z" fill="black"/>
                        </svg>
                    </a>
                </div>
            </div>
            <div class="col">
                <h3>Kupi.cz</h3>
                <ul class="ul-format footer_links">
                    <li><a href="/onas" class="footer_link" title="O Kupi.cz">O Kupi.cz</a></li>
                    <li><a href="/kontakt" class="footer_link" title="Kontakt">Kontakt</a></li>
                    <li><a href="/tiskove-zpravy" class="footer_link" title="Tiskové zprávy">Tiskové zprávy</a></li>
                    <li><a href="/kariera" class="footer_link" title="Kariéra">Kariéra</a></li>
                    <li><a href="/mapa-stranek" class="footer_link" title="Mapa stránek">Mapa stránek</a></li>
                    <li><a href="#" onclick="openScmp(event);" class="footer_link" title="Nastavení personalizace">Nastavení personalizace</a></li>
                </ul>
            </div>
            <div class="col">
                <h3>Pro vás</h3>
                <ul class="ul-format footer_links">
                    <li><a href="/aplikace" title="Mobilní aplikace" class="footer_link">Mobilní aplikace</a></li>
                    <li><a href="https://www.kupi.cz/magazin/?utm_source=kupi.cz&amp;utm_medium=selfpromo&amp;utm_campaign=paticka" title="Kupi Magazín" class="footer_link">Magazín</a></li>
                    <li><a href="/samolepka" title="Samolepka „Nevhazovat letáky” zdarma!" class="footer_link">Samolepka</a></li>
                    <li><a href="/" class="footer_link" title="Letáky">Letáky</a></li>
                    <li><a href="/slevy" class="footer_link" title="Akce">Akce</a></li>
                </ul>
            </div>
            <div class="col">
                <h3>Služby</h3>
                <ul class="ul-format footer_links">
                    <li><a href="/partner" class="footer_link" title="Chci mít leták na Kupi.cz">Chci mít leták na Kupi.cz</a></li>
                    <li><a href="/pro-partnery" class="footer_link" title="Pro partnery">Pro partnery</a></li>
                </ul>
                <div class="clear space_top"></div>

                <div class="footer-link">
                    <a class="footer-link" data-countries href="https://www.kupi.cz/zahranicni-letaky" title="Zahraniční akční letáky" style="height: 33px;">
                        <img class="flag-icon" width="30" height="30" src="data:image/gif;base64,R0lGODlhAQABAIAAAP///wAAACwAAAAAAQABAAACAkQBADs=" data-src="/img/flags/flag_cs.svg" alt="Kupi.cz" title="Kupi.cz | Česká republika – Akční letáky">
                        <span>CZ</span>
                        <svg class="svg_ico" style="width:30px; height:30px; transform: rotate(90deg) scale(.75);" focusable="false" xmlns="http://www.w3.org/2000/svg" viewBox="0 0 24 24" fill="currentColor"><path d="M8.59 16.59L13.17 12 8.59 7.41 10 6l6 6-6 6-1.41-1.41z"></path></svg>
                    </a>
                </div>
                <div class="countries hdn">
                    <div class="scrl" style="display: flex; flex-direction: column;">
                                            <a class="footer-link" href="https://www.kupino.de/" title="Prospekte und Aktionen">
                            <img class="flag-icon"
                                 width="30"
                                 height="30"
                                 src="data:image/gif;base64,R0lGODlhAQABAIAAAP///wAAACwAAAAAAQABAAACAkQBADs="
                                 data-src="/img/flags/flag_de.svg"
                                 alt="Kupino.de"
                                 title="Prospekte und Aktionen">Německo
                        </a>
                                            <a class="footer-link" href="https://www.kupino.pl/" title="Gazetki promocyjne">
                            <img class="flag-icon"
                                 width="30"
                                 height="30"
                                 src="data:image/gif;base64,R0lGODlhAQABAIAAAP///wAAACwAAAAAAQABAAACAkQBADs="
                                 data-src="/img/flags/flag_pl.svg"
                                 alt="Kupino.pl"
                                 title="Gazetki promocyjne">Polsko
                        </a>
                                            <a class="footer-link" href="https://www.kupino.at/" title="Flugblätter und Aktionen">
                            <img class="flag-icon"
                                 width="30"
                                 height="30"
                                 src="data:image/gif;base64,R0lGODlhAQABAIAAAP///wAAACwAAAAAAQABAAACAkQBADs="
                                 data-src="/img/flags/flag_at.svg"
                                 alt="Kupino.at"
                                 title="Flugblätter und Aktionen">Rakousko
                        </a>
                                            <a class="footer-link" href="https://www.kupino.sk/" title="Letáky a akcie">
                            <img class="flag-icon"
                                 width="30"
                                 height="30"
                                 src="data:image/gif;base64,R0lGODlhAQABAIAAAP///wAAACwAAAAAAQABAAACAkQBADs="
                                 data-src="/img/flags/flag_sk.svg"
                                 alt="Kupino.sk"
                                 title="Letáky a akcie">Slovensko
                        </a>
                                        </div>
                </div>
            </div>
        </div>
        <div class="foot-bottom">
            <span style="color: gray ;"> © Kupi.cz 2012–2022, člen skupiny Seznam.cz</span>
        </div>
    </div>
</div>

<script type="text/javascript">
    /* <![CDATA[ */
    var seznam_retargeting_id = 21373;
    /* ]]> */
    (rc = window.rc || {});
    window.rc.internal = true;
</script>
<script type="text/javascript" src="//c.seznam.cz/js/retargeting.js"></script>



<div id="google_conversion">
    <script type="text/javascript" src="//www.googleadservices.com/pagead/conversion.js"></script>
    <noscript><img height="1" width="1" style="border-style:none;" alt="" src="//googleads.g.doubleclick.net/pagead/viewthroughconversion/972302594/?value=0&amp;guid=ON&amp;script=0"/></noscript>
</div>




    
    














































                
    <div class="rus-box js-popup hdn" data-parent>
        <div id="rus-box-overlay" class="not-reload"              data-notconfirm="1"></div>
        <div class="js-loaded-content" style="z-index: 1000;" data-parent>
            <div class="js-content rus">
                                                    <div id="kr_loginmain" class="js-rus-section">
                        
    <a href="/" class="logo margin-bt-10 show-for-small" title="Kupi.cz - letáky, akce"><span class="blind">Kupi.cz - letáky, akce</span> </a>

                        
    <p class="text-right margin-0">
        <button type="button" class="btn btn_default margin-bt-10 close not-reload" data-action="click" data-mandatory="2"
                data-fn="removeParent" data-callback="trackEvent">Zavřít
        </button>
    </p>
    <div class="row flex smallscreen-text-center">
        <div class="column size1of2 vertical-line">
            <div class="content-box">
                <div class="hd text-left">
                    <span class="h4 hd-title">Přihlášení na Kupi.cz</span>
                </div>
                <div class="bd">
                    <p class="margin-bt-20">S účtem od Seznamu se můžete přihlásit do všech jeho služeb nebo můžete využít váš profil na sociální síti.</p>
                    <p><a data-action="click" data-fn="seznamLogin" href="#"
                          role="button" style="width: 100%; max-width: 280px;"
                          class="btn btn-seznam margin-0 btn-m diplay-block width-100 text-center margin-bt-10"
                          title="Seznam přihlášení">Seznam přihlášení</a></p>
                    <p><a href="/prihlasit/facebook"
                          role="button" style="width: 100%; max-width: 280px;"
                          rel="nofollow"
                          class="btn btn-fb margin-0 btn-m diplay-block width-100 text-center margin-bt-10"
                          title="Facebook přihlášení">Facebook přihlášení</a></p>
                    <p><a href="#"
                          role="button"
                          id="appleid-signin-custom"
                          rel="nofollow"
                          class="btn btn-apl margin-0 btn-m diplay-block width-100 text-center margin-bt-10"
                          title="Apple přihlášení" style="color: white; background: black; width: 100%; max-width: 280px;">Apple přihlášení</a></p>
                    <p class="margin-tp-3x">Pokud účet ještě nemáte, tady si ho <a href="#" data-fn="seznamRegistration" title="Založit účet u Seznamu">vytvoříte</a> s libovolnou e-mailovou adresou.</p>
                    <p>
                        <button data-action="click" data-fn="toggleBox" data-box="seznamAdvantages" class="btn btn_default show-for-small" style="margin: 0 auto; width: 100%; max-width: 280px;">Výhody pro přihlášené uživatele</button>
                    </p>
                </div>
                <div class="ft bd">
                    <p>Přihlašovali jste se doposud jinak nebo máte problém s registrací? <a data-action="click" role="button" data-fn="toggleBox" data-box="contactUs" href="" title="Kontaktujte nás">Kontaktujte nás</a> prosím.</p>
                </div>
            </div>
        </div>
        <div class="column size1of2 hide-for-small">
            <div class="content-box">
                <div class="hd">
                    <span class="h4 hd-title">Výhody pro přihlášené uživatele</span>
                </div>
                <div class="bd">
                    <ul class="icons-circle">
                        <li style="margin-bottom: 10px;">Jeden zabezpečený účet pro všechny služby Seznamu</li>
                        <li>Hlídání akcí u oblíbených produktů</li>
                        <li>Oblíbené letáky a produkty vám doručíme na e-mail</li>
                        <li>Věrnostní karty a funkce Kupi.cz vždy při ruce v <a href="/aplikace" title="Mobilní aplikace">mobilní aplikaci</a></li>
                        <li>Sdílený nákupní seznam</li>
                    </ul>
                </div>
            </div>
        </div>
    </div>

                    </div>
                                                
            <div class="boxes">
            <div class="toggle-box" data-parentBox="contactUs">
                <div class="content-align">
                    <p class="text-center margin-bt-20 margin-tp-0">
                        <a href="" class="btn btn_default" data-action="click" data-fn="stepBack" role="button">← Zpět</a>
                    </p>
                    
    <span class="spinner-absolute hdn no_content"><span class="js-loader"></span></span>
    <p class="text-center margin-bt-20 margin-tp-0">
        <button type="button" class="btn btn_default close not-reload" data-action="click" data-mandatory="2"
                data-fn="removeParent" data-callback="trackEvent">Zavřít
        </button>
    </p>
    <div class="hd">
        <span class="h4">Máte problémy s přihlášením?</span>
    </div>
    <div class="bd">
        <div class="row">
            <div class="column size1of1">
                <div class="padding-ltrt-140px">
                    <form action="" method="post" class="js-form">
                        <p class="text-left">Máte již na <a href="/">Kupi.cz</a> účet a nemůžete se přihlásit? Nebo se
                            vám nedaří registrace? Napište nám a rádi vám pomůžeme.</p>
                        <p class="text-center"><label><span class="label">Váš e-mail</span><input data-send style="width:100%;"
                                                                                                  data-check="checkEmail"
                                                                                                  data-notify="Zadejte e-mail ve správném tvaru"
                                                                                                  class="width-100"
                                                                                                  type="text"
                                                                                                  name="RusLogin"
                                                                                                  data-action="keyup"
                                                                                                  data-fn="setMail"></label>
                        </p>
                        <p class="text-center"><label><span class="label">Popište váš problém</span><textarea style="width:100%;"
                                        class="display-block width-100" data-send data-check="checkEmpty"
                                        data-notify="Toto pole je povinné" data-action="keyup" rows="6" type="text"
                                        name="text"></textarea></label></p>
                        <p class="text-center"><label><input type="submit" data-action="click" data-fn="sendForm"
                                                             class="btn btn_colored btn-m btn-expand margin-0"
                                                             value="Odeslat"></label></p>
                    </form>
                </div>
            </div>
        </div>
    </div>

                </div>
            </div>

                        <div class="toggle-box" data-parentBox="emailSend">
                <div class="content-align">
                    
    <div class="hd"></div>
    <div class="bd">
        <div class="row">
            <div class="column size2of3">
                <span class="h4 margin-rslt-36 font-s-16 bold">Váš e-mail byl odeslán na naši podporu</span>
                <p class="margin-rslt-36">S vyřešením vašeho požadavku vás budeme brzy kontaktovat.</p>
                <p class="margin-rslt-36"><a class="btn btn_colored btn-m not-reload" data-action="click"
                                             data-fn="removeParent" href="#" role="button" title="Pokračovat na Kupi.cz">Pokračovat na
                        Kupi.cz</a></p>
            </div>
        </div>
    </div>

                </div>
            </div>

                        
    <div class="toggle-box bottom" data-parentBox="seznamAdvantages">
        <div class="content-align">
            <p class="text-center margin-bt-20 margin-tp-0">
                <a href="" class="btn btn_default" data-action="click" role="button" data-fn="stepBack">← Zpět</a>
            </p>
            <div class="hd"><span class="h4 text-center">Výhody pro přihlášené uživatele</span></div>
            <ul class="icons-circle margin-bt-20" style="max-width: 300px; margin: 16px auto 0;">
                <li>Jeden zabezpečený účet pro všechny služby Seznamu</li>
                <li>Hlídání akcí u oblíbených produktů</li>
                <li>Oblíbené letáky a produkty vám doručíme na e-mail</li>
                <li>Věrnostní karty a funkce Kupi.cz vždy při ruce v <a href="/aplikace" title="Mobilní aplikace">mobilní aplikaci</a></li>
                <li>Sdílený nákupní seznam</li>
            </ul>
        </div>
    </div>


                        <div class="toggle-box" data-parentBox="congratulation">
                <div class="content-align">
                    
    <div class="hd"></div>
    <div class="bd">
        <div class="row smallscreen-text-center">
            <div class="column size2of3">
                <span class="h4 margin-rslt-36 hd-title font-s-16 bold">Děkujeme</span>
                <p class="margin-rslt-36">Vše proběhlo v pořádku a nyní si můžete Kupi.cz prohlížet.</p>
                <p class="text-left margin-rslt-36"><a class="btn btn_colored btn-m" id="kr_congrats_continue_btn"
                                                       data-action="click"
                                                       data-fn="removeParent" href="#" role="button"
                                                       title="Pokračovat na Kupi.cz">Pokračovat na Kupi.cz</a></p>
            </div>
        </div>
    </div>

                </div>
            </div>
        </div>
    
            </div>
        </div>
    </div>



<script src="/static/plugin.rus.js?v=327f2f45c0ee8d6dc82da8d871bb3f8b"></script>

<script type="text/javascript">
    $(document).ready(function () {
        new Rus(true, false, false, false);
    });
</script>    <script type="text/javascript" src="https://appleid.cdn-apple.com/appleauth/static/jsapi/appleid/1/cs_CZ/appleid.auth.js"></script>

<script>
    AppleID.auth.init({
        clientId: 'cz.kupi.app',
        scope: 'name email',
        redirectURI: 'https://www.kupi.cz',
        state: 'ac8ed3a62abf047d93a6fc99799fc563821a6fe8b73f6e5042ee15fc3ccd48ed574f7d5eb428fa7e2a15f7ce0dbee3f85b79e53c0a07e78f152ccee2637198d6',
        usePopup: true
    });

    document.getElementById('appleid-signin-custom').addEventListener('click', function(){
        AppleID.auth.signIn();
        return false;
    });

    document.addEventListener('AppleIDSignInOnSuccess', (data) => {
        var d = data.detail,
            userData = {
                state: 'apple',
                code: d.authorization.code,
                token: d.authorization.id_token
            };

        if (d.hasOwnProperty('user') && d.user.hasOwnProperty('email')) {
            userData.email = d.user.email;
            if (d.user.hasOwnProperty('name')) {
                if (d.user.name.hasOwnProperty('firstName')) {
                    userData.firstName = d.user.name.firstName;
                }
                if (d.user.name.hasOwnProperty('lastName')) {
                    userData.lastName = d.user.name.lastName;
                }
            }
        }

        $.ajax({
            url: '/uzivatel/autorizace',
            method: 'POST',
            data: userData,
            success: function (response, textStats, jqXHR) {
                window.location.reload();
            }
        });
    });

    document.addEventListener('AppleIDSignInOnFailure', (error) => {
                console.info('Reload');
        console.info(error);

        // window.location.reload();
    });
</script>
<div class="notices"></div>

<div id="modal_menu_overlay"></div>

<script src="https://www.gstatic.com/firebasejs/7.9.0/firebase-app.js"></script>
<script src="https://www.gstatic.com/firebasejs/7.9.0/firebase-messaging.js"></script>
<script src="https://www.gstatic.com/firebasejs/7.9.0/firebase-analytics.js"></script>
<script src="/static/./js/notifications.firebase.min.js?v=360b822e5214a6a60defb2c109d68646"></script>
<script>

    $('[data-countries]').click(function(e){
        e.preventDefault();

        var p = $('.countries');
            p.removeClass('opened_popup');
            p.stop().fadeIn();
            lazyLoad();
        setTimeout(function () {
            p.addClass('opened_popup');
        },100);
    });

    window.csrfPopupToken = "wokjutwb4v";

    
    
    
    
    $(document).on('click', '.footer_links .footer_link', function(){
        addTrackEventTag('Paticka', $(this).attr('href'), window.location.pathname, false);
    });
</script>

<script src="/static/plugin.measuring_codes.js?v=cbeda1277dea246e610ce074de84ff2e"></script>
<script src="/static/components.js?v=0355043caf30440a8314f5660e15fd8e"></script>
<script src="/static/mandatory.js?v=6814b28aef4562b19a78df7ddcc7bfbc"></script>
<script src="/static/user.fb.js?v=cb9e0858c476d3f5e50c200bdac769c3"></script>
<script src="/static/user.js?v=cebf3870215d89ea88d6bbbc8f8cf07f"></script>
<script src="/static/userlist_fav.js?v=c1044ccf1239ed18eaa3aa84e86d3172"></script>




<script src="/static/./js/plugin.detect.data.min.js?v=6f760bfb36f4b1814d56fe23498efff6"></script>

<script>

    var openScmp = function(event){
        event.preventDefault();
        event.stopPropagation();
        scmp.open();
    }

            var themeActiveUrl = 'magazin_promo';

    $(document).ready(function(){

                new User({
            thisContent: $('.js-content'),
            hash: 'false',
                        ph: 'gpbf75dqeh39lpc2ov60b3sex',
            gdprConditions: '',
            confirmed_newsletter: '',
            template: 'search_whisper',
            boxName: null,
            userViewInit: '',
            routes: {
                user: '/uzivatel',
                gdpr: '/confirm-conditions'
            }
        });

        
        new DtectData({
            routes: {
                images: '/logging'
            }
        });

                if(getCookieKupi('adb')) {
            if(getCookieKupi('adbwarn')==="" || false){
                $.colorbox({
                    fixed : true,
                    html: '<div id="msg" role="tooltip" tabindex="0" class="colorbox_content colorbox_info">' +
                        ' <h2 class="text-center colorbox_heading warning">Upozornění</h2> <p class="text-center font-s-16"> <strong>Na vašem zařízení je zapnuto blokování reklamy.</strong><br/> Pro správnou funkčnost <a href="https://www.kupi.cz" title="Kupi.cz">Kupi.cz</a> je nutné vypnout blokování reklamy.</p>' +
                        '<div class="text-center"><div class="clear small space_top"><button onclick="$.colorbox.close()" class="btn btn_colored">Rozumím</button><div class="clear small space_top"></div></div></div>',
                    onComplete: function(){
                        $('#msg').focus();
                    }
                });
                document.cookie = "adbwarn=1; path=/; secure";
            }
        }

            });
</script>

<script src="/static/./js/plugin.article_slider.min.js?v=db0065714d9936800946a55794099780"></script>

<script>
    new ArticleSlider({
        element : '.articles_selfpromo_v2'
    });
</script>

<script>
    window.lazyLoad();
</script>


    <script type="application/ld+json">
        {
            "@context": "http://schema.org",
            "@type": "WebSite",
            "url": "https://www.kupi.cz/",
            "potentialAction": {
                "@type": "SearchAction",
                "target": "https://www.kupi.cz/hledej?f={f}",
                "query-input": "required name=f"
            }
        }
    </script>


    <script src="/static/./js/ssp.ads.min.js?v=384a59fa896986e0fecf25e298949333"></script>

<script src="/static/./js/cmp.min.js?v=a4456f7afb390c04c4ed443af4f89a75"></script>


<script>
    $(document).ready(function(){
        setTimeout(function(){
            autolocationUser();
        }, 1000)
    });
</script>
<div id="overlay-mask"></div>
</body>
</html>
